3212 5264
598 309 810 410 „At-

179 523 310 590 Deinde
343 525 417 607 pari
449 525 542 590 modo
567 543 606 590 ac
628 527 778 593 Basilius
801 526 1009 609 vituperavit
1032 528 1224 595 Theodorus
1257 545 1314 595 eos

85 629 285 714 monachos,
320 631 376 711 qui
410 631 483 699 vita
518 633 724 702 coenobitica
759 633 922 700 derelicta
957 634 1184 701 solitariorum
1219 635 1314 701 modo

86 735 200 803 vitem
225 742 376 820 egerunt.
407 739 526 819 Sisque
548 738 584 804 in
604 758 755 806 sermone
779 741 985 807 catechetico
1002 741 1044 804 69
1061 742 1232 808 monachis
1253 742 1314 807 hoc

85 843 275 924 exemplum
300 849 417 910 narrat
429 842 465 928 1):
509 847 604 928 „Jam
630 847 718 912 enim
743 845 839 912 scitis
865 848 938 913 sine
963 847 1072 932 dubio,
1096 848 1174 929 quid
1198 847 1315 915 infelix

85 949 282 1016 Alexander
304 950 489 1017 admiserit.
526 953 707 1020 Abiurauit
723 959 758 1019 et
774 953 997 1020 obedientiam
1015 960 1050 1020 et
1064 955 1315 1036 professionem.

14 1053 21 1142 'J
86 1054 184 1138 Quod
207 1057 293 1123 unde
316 1059 493 1143 contraxit,
517 1060 585 1124 nisi
610 1060 693 1140 quod
719 1061 891 1127 solitarius
916 1060 1025 1128 obiret
1048 1059 1146 1144 (quod
1163 1061 1313 1143 equidem

85 1162 284 1244 frequenter
323 1166 487 1231 solitariis
526 1166 670 1252 obiecto)
714 1169 889 1249 studioque
932 1187 1138 1234 nummorum
1175 1169 1314 1236 Judaico

86 1269 294 1354 flagraret?“
332 1271 434 1338 Immo
459 1292 500 1338 66
522 1275 766 1356 persecutionis
791 1275 921 1356 quidem
946 1280 1094 1357 tempore
1117 1293 1239 1357 pessus
1263 1281 1316 1342 est

87 1379 270 1444 monachos
295 1378 480 1460 dissipatos
505 1380 692 1446 solitariam
715 1380 822 1448 vitam
847 1400 960 1464 agere;
991 1383 1028 1447 in
1051 1400 1203 1448 sermone
1226 1381 1315 1448 enim

86 1485 296 1552 catechetico
320 1487 361 1548 81
388 1487 438 1552 sic
460 1488 708 1569 pronuntiabit:
848 1487 978 1572 „Igitur
1006 1507 1145 1554 necesse
1178 1493 1232 1554 est
1264 1490 1313 1554 in-

85 1591 210 1672 primis
239 1611 322 1677 666,
355 1592 410 1673 qui
439 1599 657 1677 oppugnetur,
687 1595 822 1661 minime
854 1595 1043 1660 solitarium
1072 1596 1203 1679 degere,
1236 1596 1315 1676 quin

86 1717 162 1762 cum
188 1699 293 1764 allero
318 1699 423 1765 fratre
447 1701 634 1781 convivere,
671 1702 850 1782 siquidem:
886 1701 952 1768 Ubi
977 1707 1054 1767 sunt
1079 1702 1140 1768 duo
1164 1702 1313 1770 veltres

87 1806 289 1888 congregati
318 1804 509 1872 innomine
544 1826 625 1891 666,
661 1809 710 1874 161
746 1828 818 1874 666
842 1807 877 1874 16
906 1809 1014 1874 medio
1050 1827 1171 1892 eorum,
1206 1809 1315 1889 inquit

87 1909 281 1977 Dominus.“
295 1913 334 1978 In
346 1932 496 1980 sermone
510 1913 650 1995 denique
671 1917 710 1978 13
726 1917 809 1981 haec
825 1916 984 1995 loquitur:
999 1912 1046 1998 3)“
1064 1914 1199 1981 Etenim
1216 1933 1312 1996 quam

86 2017 316 2085 defensionem
341 2020 408 2085 sibi
433 2023 598 2102 parabunt
623 2022 664 2086 ad
688 2023 887 2088 horrendum
912 2020 1038 2088 Christi
1066 2022 1226 2101 tribunal,
1258 2023 1315 2103 qni

86 2125 281 2191 obedientia
295 2127 446 2208 proiecta
462 2128 609 2194 solitarii
626 2129 759 2212 degant,
783 2129 839 2209 qui
855 2131 927 2212 huc,
944 2129 1024 2194 illuc
1039 2130 1162 2194 obeant
1178 2147 1313 2194 errones

94 2232 194 2297 ....?
226 2234 275 2298 Ac
297 2239 448 2315 poteram
477 2254 558 2300 sane
587 2236 717 2301 omnino
742 2237 848 2301 aciem
872 2236 1048 2303 admovere
1078 2253 1118 2301 ex
1142 2235 1314 2317 praecepti

86 2340 194 2423 iussu,
220 2340 278 2405 sed
303 2342 457 2420 quoniam
481 2342 645 2407 incumbit
667 2343 867 2424 persecutio,
893 2343 1000 2408 adhuc
1024 2341 1148 2425 differo,
1173 2343 1204 2407 si
1227 2361 1313 2408 nunc

86 2446 226 2512 tandem
251 2466 269 2512 e
293 2448 419 2513 diaboli
442 2449 571 2528 laqueis
595 2448 808 2532 resipiscant,
833 2449 889 2530 qui
913 2451 954 2514 ab
979 2467 1017 2514 eo
1042 2449 1132 2530 capti
1157 2447 1199 2512 ad
1222 2449 1314 2513 erbi-

83 2554 190 2619 trium
206 2558 392 2620 teneantur.
421 2556 575 2621 Ceterum
591 2575 650 2622 vos
666 2556 737 2621 Deo
761 2555 875 2630 macti,
900 2555 955 2636 qui
976 2573 1042 2620 una
1058 2555 1195 2620 insimul
1217 2555 1313 2634 estis,

84 2661 159 2744 duo,
184 2666 308 2741 tresve,
334 2662 482 2742 quodque
506 2662 647 2744 amplius
665 2667 728 2738 est,
752 2668 787 2728 et
803 2662 949 2728 encomio
971 2662 1090 2745 maius,
1114 2662 1312 2728 coenobiace

83 2768 194 2834 vitam
218 2766 371 2834 ducitis“
399 2816 494 2832 .....

176 2893 398 2959 Nihilominus
415 2895 605 2960 Theodorus
631 2913 672 2961 ex
688 2894 812 2975 duplici
830 2912 933 2959 causa
952 2893 1110 2959 monacho
1133 2892 1312 2976 permittit,

84 3005 123 3065 ut
139 3019 159 3065 e
177 3019 235 3066 suo
259 3001 462 3066 monasterio
488 3001 632 3066 secedat.
661 3003 711 3066 Ac
726 3001 869 3082 primum
894 3000 1026 3080 quidem
1050 3001 1145 3064 iuxta
1168 3005 1312 3065 mentem

83 3107 210 3172 Basilii
233 3109 395 3189 approbat
419 3125 597 3186 secessum,
623 3108 751 3188 quando
776 3111 817 3172 ab
835 3108 946 3187 aliqua
969 3106 1246 3172 confraternitate
1271 3107 1312 3170 ad

84 3233 205 3279 munus
233 3214 463 3296 praefecturae
492 3215 679 3297 expetitum
716 3219 916 3296 quapropter
951 3214 1071 3280 scribit
1093 3213 1312 3296 Eupiosynae

83 3322 302 3404 hegumcnae‚
332 3339 415 3401 quae
443 3321 607 3386 eiusmodi
631 3339 745 3387 casum
768 3322 835 3403 ipsi
864 3321 1045 3402 proposuit,
1074 3321 1109 3385 in
1137 3321 1312 3386 1166666-

84 3425 221 3510 dum4):
247 3475 343 3490 .....
376 3429 478 3510 „Nam
504 3429 535 3494 si
558 3429 625 3494 iam
649 3429 801 3511 perfecta
825 3432 859 3493 et
883 3432 1112 3493 consummata
1135 3433 1189 3492 est
1212 3427 1312 3492 disci-

179 3638 201 3707 1)
220 3639 305 3692 Serm.
325 3641 372 3692 69:
391 3637 465 3709 Ἤδη
484 3643 533 3710 γὰρ
551 3643 649 3701 πάντως
668 3638 795 3710 ἠκούσατε
807 3643 831 3690 τί
842 3639 970 3709 πὲπραχεν
981 3637 1147 3704 Ἀλέξανδρος
1160 3636 1173 3688 ὁ
1186 3637 1312 3708 δύστηνος.

85 3726 264 3799 Ἐξηρνὴσοιτο
282 3731 328 3779 καί
345 3728 393 3800 τὴν
410 3727 541 3799 ὑποταγὴν
559 3733 604 3780 καί
622 3729 669 3800 τὴν
687 3726 831 3798 ὁμολογίαν.
863 3725 915 3779 Καὶ
934 3725 1013 3778 πόθεν
1022 3735 1094 3778 τοῦτο
1106 3726 1234 3788 πέπονθεν,
1253 3725 1312 3776 ἀλλ’

83 3815 104 3888 ἢ
142 3815 174 3868 ἐκ
191 3823 235 3868 τοῦ
252 3810 314 3868 εἶναι
332 3814 405 3869 αὐτὸν
423 3814 635 3883 μεμονωμένον,’6“
659 3817 785 3880 πολλάκις
808 3815 911 3887 ἐγκαλῶ
934 3823 985 3879 τοῖς
1010 3815 1199 3882 μεμονωμένοις,
1223 3815 1253 3866 ἐν
1271 3821 1314 3865 τοῦ

83 3906 239 3976 φιλάργυρος
257 3906 373 3976 γενέσθαι
391 3910 460 3958 κατὰ
477 3910 519 3959 τὸν
538 3905 640 3958 Ἰούδαν.
680 3904 796 3973 (iligna,
816 3904 834 3959 1.
854 3920 885 3969 6,,
906 3904 957 3959 col.
978 3905 1051 3972 602.)

176 3993 200 4063 ²)
220 3993 323 4062 iligna,
343 3993 362 4049 1,
383 4009 414 4061 6,,
435 3994 485 4049 col.
507 3996 566 4061 622,
587 3996 648 4048 623.

176 4083 201 4152 ⁸)
220 4082 283 4136 ibid
302 4083 352 4137 661.
373 4086 432 4142 526.

175 4181 201 4250 4)
219 4179 297 4234 Libri
315 4181 344 4234 ΙΙ
364 4181 445 4250 epist.
465 4183 528 4236 196:
659 4179 690 4234 El
704 4185 747 4248 μὲν
766 4185 814 4251 γὰρ
832 4184 915 4234 τελεία
934 4177 996 4233 οὖσα
1019 4184 1065 4232 ναὶ
1088 4179 1314 4252 αατηρτισμὲνηὴ

83 4271 230 4343 μαθήτρια,
249 4275 309 4338 πρὸς
326 4275 355 4323 τὸ
374 4269 458 4324 diaes
482 4274 598 4342 ἀδελφῶν
621 4271 808 4343 καθηγεῖσθαι,
834 4269 888 4343 ἤδη
907 4270 1112 4342 θποζητουμένης
1134 4268 1313 4341 ἀθελφὸτητος,

81 4359 218 4428 οἰκονομία
236 4365 265 4413 τὸ
281 4367 397 4423 τοιοῦτον,
416 4361 509 4423 καθώς
527 4378 603 4433 φησιν
621 4360 634 4412 ὁ
654 4361 724 4430 ἅγιος
748 4358 888 4423 Βασίλειος,
911 4364 956 4412 καὶ
979 4357 1007 4411 ab
1031 4363 1164 4421 διάστασις.
1197 4356 1313 4428 Ἄπαγε,

82 4455 130 4503 καί
154 4458 214 4521 γοῦν
232 4453 344 4502 ἀπὸτοῦ
362 4447 487 4520 ἄρχεσθαι
504 4453 602 4512 καλῶς,
631 4447 706 4501 daret
723 4465 760 4511 τις
779 4448 817 4500 ἐπὶ
834 4453 862 4501 τὸ
881 4447 967 4518 ἄρχειν
985 4445 1093 4514 ἐννόμως
1117 4487 1213 4502 ......
1241 4445 1314 4498 'Eous

83 4549 145 4612 γοῦν
164 4544 210 4592 καὶ
236 4539 308 4606 ἑτέρα
326 4536 456 4606 οἰκονομία
474 4539 568 4602 ἐντοῖς
586 4537 714 4605 Hospitem
732 4538 806 4608 ἡμῶν
823 4539 1016 4608 adsumptaq-
1049 4537 1140 4589 ὁπόταν
1162 4536 1233 4608 ψυχὴ
1256 4540 1315 4588 δυσ-

82 4629 246 4697 τροπεύουσα,
275 4633 338 4697 μετὰ
364 4629 463 4701 πολλὴν
489 4633 535 4680 καὶ
563 4633 666 4696 μακρὰν
693 4627 841 4693 ἐπιμέλειαν,
869 4625 971 4699 αἱρῆται
1000 4632 1142 4693 μεταπεσεῖν
1168 4622 1204 4688 εἰς
1231 4623 1316 4697 ἄλλην

83 4719 256 4790 desipit-psa,
276 4718 310 4782 ὡς
328 4722 408 4770 ἐκεῖσε
426 4717 583 4789 «χρησιμεύειν
612 4718 746 4784 μέλλουσα,
775 4721 844 4768 κατὰ
876 4721 979 4787 μίμησιν
1009 4723 1058 4767 τῶν
1085 4714 1315 4786 μεταριντεοομὲνων

1151 4807 1168 4858 2
