3212 5264
869 315 910 376 24

368 533 414 600 Ut
443 539 553 598 autem
581 529 778 596 ieiuniorum
814 533 965 610 tempora
988 529 1179 594 Theodorus
1216 529 1422 611 designauit,
1460 529 1514 594 ita

280 645 315 705 et
342 644 522 721 praecepta
556 637 707 718 tradidit,
745 653 828 716 quae
864 641 1019 718 spectant
1054 636 1096 700 ad
1133 636 1279 700 ciborum
1309 641 1343 701 et
1370 640 1512 717 potuum

281 747 502 826 quantitatem
538 750 572 810 et
606 743 802 824 qualitatem
835 745 869 807 et
887 779 889 785 ·
904 741 1077 806 decentem
1112 743 1148 806 in
1182 743 1310 807 mensis
1346 742 1512 820 ordinem,

280 870 405 918 necnon
439 852 481 918 ad
517 852 739 932 quantitatem
774 849 979 928 vestimenti,
1016 849 1318 914 calceamentorum
1354 853 1389 915 et
1424 849 1511 914 lecti

169 979 172 986 ⁴
280 956 499 1040 materiaml)

279 1103 318 1168 B.
342 1102 398 1167 De
419 1121 444 1166 e.
460 1100 655 1166 Theodori
679 1098 865 1165 studitae
891 1097 1273 1180 constitutionibus
1298 1115 1396 1177 quae
1420 1115 1515 1179 per·-

580 1207 715 1272 tinent
739 1204 784 1269 ad
808 1203 992 1268 officium
1017 1203 1202 1271 divinum.

368 1334 441 1398 Non
458 1336 600 1407 constat,
625 1350 667 1396 an
685 1331 797 1396 aetate
813 1326 935 1394 Basilii
952 1328 1090 1394 diurnae
1114 1334 1361 1410 nocturnaeque
1385 1348 1508 1410 preces

280 1440 316 1506 in
338 1439 555 1506 monasteriis
592 1436 769 1504 secundam
805 1443 932 1500 certam
964 1455 1113 1500 normam
1148 1435 1335 1518 dispositae
1371 1435 1513 1516 fuerint,

283 1554 517 1630 praeterquam
546 1544 630 1626 qnod
653 1544 804 1612 varietas
835 1560 969 1623 precum
1002 1542 1268 1623 psalmorumque
1293 1543 1326 1607 in
1362 1543 1513 1625 singulis

281 1655 372 1720 horis
403 1654 532 1719 usitata
560 1651 632 1717 fuit.
691 1651 804 1730 Neque
834 1649 1049 1730 sequentibus
1086 1649 1231 1714 saeculis
1269 1668 1375 1714 canon
1405 1649 1513 1716 officii

282 1761 387 1827 divini
404 1761 440 1825 in
456 1757 671 1824 monasteriis
687 1755 835 1824 Orientis
858 1755 942 1821 fixus
966 1756 1143 1836 reperitur.
1178 1756 1274 1822 Utin
1296 1756 1511 1822 dioecesibus

281 1869 349 1932 suis
375 1865 533 1948 episcopi,
561 1865 612 1930 ita
635 1870 669 1930 ot
692 1863 726 1928 in
751 1863 966 1928 monasteriis
994 1863 1179 1944 praepositi
1209 1863 1376 1927 rationem
1406 1863 1512 1928 officii
1599 1903 1600 1908 κ

283 1974 389 2041 divini
419 1971 632 2054 persolvendi
656 1975 856 2036 statuerunt.
903 1969 1022 2048 Sicque
1047 1988 1072 2034 s.
1097 1970 1203 2035 Sabas
1235 1969 1427 2036 elaboravit
1449 1990 1513 2051 pro
1599 1995 1600 2058 3

279 2076 588 2162 Hierosolymitana
614 2077 727 2142 Laura
761 2075 861 2142 officii
891 2075 997 2141 divini
1026 2071 1157 2139 Τυπικὸν
1192 2095 1250 2141 seu
1279 2075 1512 2160 Ordinarium,
1599 2059 1600 2134 Ῠ

284 2186 367 2267 quod
402 2189 522 2268 postea
556 2203 585 2250 a.
616 2203 660 2249 se.
689 2182 869 2264 Sophronio
902 2181 1208 2266 Hierosolymitano
1242 2181 1441 2264 patriarcha
1476 2191 1513 2248 et

280 2294 410 2360 Joannc
433 2293 642 2358 Damasceno
665 2293 861 2357 renouatum
885 2287 981 2372 est.²)
1017 2289 1211 2354 Theodorus
1236 2294 1349 2355 autern
1373 2290 1513 2356 Studite

280 2401 378 2483 longe
403 2399 590 2466 breviorem
619 2397 766 2462 ordinem
791 2395 892 2460 officii
916 2395 1023 2462 divini
1047 2396 1212 2461 recitandi
1237 2397 1410 2462 monachis
1436 2398 1511 2462 suis

280 2505 503 2588 praescripsit
513 2503 550 2589 ³).
605 2504 651 2570 Et
689 2503 786 2570 valde
821 2501 994 2568 dolendum
1030 2506 1092 2585 est,
1132 2503 1215 2583 quod
1254 2503 1315 2568 hoc
1353 2504 1511 2570 Studitae

281 2614 438 2697 Typioon,
463 2612 557 2677 cuius
582 2611 774 2694 apographa
797 2610 832 2675 in
847 2609 1062 2676 bibliothecis
1079 2610 1267 2676 Barbarina
1289 2615 1325 2675 et
1340 2610 1509 2677 Vaticana

281 2724 499 2788 asservantur
510 2716 547 2801 ⁴),
572 2717 714 2784 nondum
730 2717 766 2782 in
779 2718 886 2782 lucem
907 2716 1040 2798 prodiit.
1073 2717 1120 2782 At
1134 2721 1171 2782 ut
1187 2717 1334 2798 aliquam
1349 2717 1509 2784 notitiam

281 2827 382 2893 officii
411 2825 518 2895 diuini
548 2825 760 2890 a'iheodoro
789 2823 922 2889 Studita
950 2823 1096 2888 ordinati
1125 2824 1299 2905 acquirere
1326 2825 1510 2907 possimne,

282 2933 431 3000 subsidio
466 2931 563 2998 nobis
599 2936 653 2996 est
681 2930 910 3014 Hypotyposis
944 2929 1169 3015 Studitana,⁵)
1201 2950 1289 3011 quae
1318 2933 1510 3012 aquodam

285 3039 391 3122 ipsius
416 3039 577 3122 discipulo
602 3038 730 3120 scripta
746 3056 819 3103 cum
836 3036 913 3116 alia,
938 3042 1008 3102 tum
1025 3039 1204 3120 praecipue
1220 3037 1386 3104 rationem
1402 3038 1509 3106 officii

282 3146 388 3214 divini
412 3147 507 3212 iuxta
531 3150 711 3228 praecepta
734 3145 888 3212 Studitae
912 3143 1068 3210 continet.

370 3271 475 3354 Quam
498 3270 731 3353 Hypotyposin
763 3270 859 3336 nobis
894 3269 1163 3336 examinantibus
1197 3270 1372 3350 sequentia
1400 3273 1511 3351 quoad

281 3377 422 3444 officium
450 3378 599 3444 divinum
622 3377 768 3442 notanda
790 3376 959 3445 videntur:

373 3497 400 3559 l.
423 3494 475 3560 Ex
498 3492 633 3575 prologo
642 3490 668 3576 6)
693 3497 825 3558 constat
849 3510 951 3573 usque
977 3491 1017 3557 ad
1039 3496 1185 3558 aetatem
1201 3491 1367 3558 Theodori
1390 3493 1510 3560 varias

284 3599 390 3666 fuisse
402 3601 550 3666 rationes
561 3598 663 3666 officii
675 3599 780 3666 diuini
796 3599 1016 3682 persolvendi,
1033 3598 1239 3666 Theodorum
1252 3617 1331 3666 vero
1344 3599 1511 3682 Typioum

284 3707 486 3774 scribentem
511 3724 669 3772 excessus
694 3701 908 3786 defectusque
930 3708 1070 3773 vitasse.

373 3920 397 3988 ¹)
418 3919 557 3986 Hypotyp.
579 3916 717 3972 Studitan.
737 3919 779 3981 98,
799 3919 841 3982 29,
861 3919 895 3970 38
915 3915 1028 3986 (lligne,
1048 3916 1066 3970 1.
1087 3932 1118 3982 c,
1138 3914 1190 3974 col.
1211 3917 1286 3980 1713,
1309 3917 1398 3985 1190).

371 4007 394 4078 ²)
413 4005 456 4061 Ad
476 4005 583 4075 Typice
602 4004 770 4060 Graecorum
791 4013 835 4060 etc
855 4005 1108 4059 animadversiones
1128 4004 1264 4058 Theodori
1277 4003 1398 4058 Toscani
1412 4003 1514 4060 Hiero·

281 4095 416 4162 monachi,
437 4096 549 4160 Romae,
569 4094 645 4163 typis
665 4109 686 4149 s.
706 4093 804 4162 Congr.
825 4095 859 4149 de
878 4093 1060 4164 propaganda
1078 4094 1140 4158 fide,
1161 4094 1238 4160 1864,
1258 4109 1323 4162 pag.
1343 4095 1360 4148 5
1380 4099 1409 4147 et
1428 4095 1452 4148 6.

370 4185 393 4256 ⁸)
413 4185 484 4252 Aug.
505 4183 568 4254 ilai,
589 4182 717 4238 Biblioth.
738 4199 798 4239 nov.
819 4189 838 4238 t.
858 4183 904 4250 IV,
925 4199 951 4252 p.
973 4185 1031 4238 102.
1063 4183 1104 4237 df.
1126 4181 1229 4250 Migne,
1249 4199 1270 4238 s.
1291 4197 1332 4252 g‘t.
1352 4187 1372 4239 t.
1392 4185 1435 4250 99,
1456 4184 1512 4240 eol.

282 4274 457 4340 1691,1692.

368 4361 554 4432 ⁴)l1igue,l.
575 4377 606 4427 c.,
627 4361 677 4414 col.
697 4363 739 4425 55,
760 4365 801 4418 56.
839 4361 880 4416 cl.
901 4377 1009 4428 quoque
1028 4365 1121 4415 notam
1141 4361 1361 4416 antecedentem.

369 4451 392 4521 ⁵)
411 4449 581 4515 Ὗποτὺπωοις
599 4455 779 4515 καταστάσεως
796 4459 844 4524 τῆς
864 4458 944 4522 μονῆς
961 4458 1010 4503 τῶν
1029 4449 1151 4504 Σπουδίου.
1189 4449 1293 4518 Migne,
1320 4466 1341 4504 s.
1361 4466 1403 4518 gr.
1425 4457 1445 4505 t.
1465 4456 1512 4518 99,

282 4540 334 4598 col.
355 4541 424 4596 1703
444 4555 519 4607 seqq.

370 4630 393 4698 ⁶)
413 4628 521 4682 Πολλῶν
539 4627 614 4682 ὄντων
631 4635 677 4683 aui
695 4629 820 4700 διαφόρων
837 4637 885 4683 τῶν
904 4628 929 4682 ἐν
946 4637 997 4693 τοῖς
1018 4628 1091 4697 ἱεροῖς
1115 4636 1287 4702 percomptos
1310 4641 1513 4704 κοκρατηνιυιῶν

282 4717 380 4772 ἄνωθεν
398 4717 568 4784 παραδόσεων,
587 4724 632 4772 nat
651 4717 738 4771 ἄλλων
751 4717 844 4782 ἄλλοις
862 4723 1036 4786 διοικουμένων
1053 4737 1080 4772 οε
1091 4724 1136 4772 uui
1153 4717 1305 4786 ἰθυνομένων
1323 4723 1387 4786 πρὸς
1398 4722 1447 4794 τὴν
1459 4730 1513 4776 τῶν
