3212 5264
674 335 693 400 3

581 427 794 435 ——-—

71 551 279 618 habitarent.
338 551 576 618 consentiente
607 551 714 634 igitur
747 551 803 618 rel
838 551 1044 632 approbante
1078 549 1219 614 Plutone
1258 547 1300 613 ad

71 658 255 740 pristinam
288 658 412 724 Basilii
451 658 602 741 regulam
642 658 818 725 monachos
860 655 1003 722 reduxit.
1048 655 1094 722 Et
1129 673 1301 722 seruorum

74 766 208 847 quidem
241 767 375 830 turbam
410 765 551 848 dimisit,
586 783 641 830 res
664 783 744 833 vero
768 770 900 830 ceteras
934 763 1111 846 egentibus
1136 761 1301 844 elargitus

74 879 142 955 est;
190 873 303 953 sieque
344 873 582 938 monasterium
617 872 770 937 Platonis
806 871 983 937 constitnit
1018 872 1143 950 absquo
1181 869 1300 945 servis,

74 983 202 1061 absque
226 979 363 1045 feminei
387 997 486 1046 sexus
511 979 722 1056 animalibus,
748 981 873 1059 absque
890 979 955 1044 alio
977 977 1175 1042 mercatorio
1199 977 1301 1051 luero,

74 1087 160 1168 quod
196 1087 346 1156 Basilius
379 1105 516 1168 prorsus
552 1085 744 1168 fugiendum
773 1103 849 1151 esee
878 1083 1049 1150 monachis
1078 1083 1171 1149 dicit
1217 1083 1306 1165 Gon<

74 1193 271 1260 suetudines
284 1193 414 1276 quidem
427 1211 551 1276 pravae
564 1198 707 1259 nontam
720 1191 820 1258 laoile
831 1192 1039 1274 exstirpatae
1051 1196 1137 1274 sont,
1153 1195 1302 1256 attamen

74 1301 269 1367 reformatio
293 1299 355 1367 illa
377 1303 461 1366 bene
484 1299 647 1384 provenit,
672 1300 750 1381 qnia
773 1281 843 1365 tam
866 1299 1058 1365 Theodorus
1083 1317 1180 1380 quam
1205 1297 1302 1364 Plato

74 1427 112 1474 se
129 1407 380 1474 manifestiores
415 1407 634 1474 traditionum
657 1413 872 1489 paternarum
890 1408 1124 1472 observatores
1141 1411 1175 1471 et
1191 1424 1304 1470 mona·

75 1505 167 1581 stioi'
187 1515 315 1582 ordinis
351 1517 435 1580 bene
468 1515 645 1597 compositi
669 1514 834 1580 sincerius
871 1513 1040 1596 speculum
1074 1515 1303 1595 praestabant.

73 1621 146 1705 Quo
171 1621 377 1705 factumest,
401 1626 438 1687 ut
453 1621 693 1688 monasterium
717 1620 982 1688 Saoandionense
1005 1639 1070 1686 non
1095 1621 1198 1686 solum
1215 1618 1300 1686 viei-

72 1727 199 1809 niores,
217 1729 392 1795 sedetiam
408 1729 570 1795 remotius
586 1727 781 1795 habitantes
797 1729 975 1794 monachos
989 1727 1031 1794 ad
1048 1726 1303 1793 aemulationem

74 1836 253 1902 excitaret.
263 1833 287 1916 1)

167 1943 281 2008 Rebus
310 1943 416 2026 igitur
447 1943 498 2008 sie
521 1943 556 2008 in
579 1942 699 2009 melius
723 1941 902 2014 fluentibus
927 1946 962 2008 et
985 1941 1148 2025 religiosa
1175 1940 1306 2006 familia

77 2056 181 2116 aneta
208 2050 398 2117 Theodorus
422 2050 557 2116 Platoni
593 2050 708 2115 abbati
744 2052 979 2131 obtemperans
1015 2049 1211 2121 a'l'arasio,
1247 2065 1304 2130 pa·

74 2157 230 2223 triaroha
248 2156 616 2240 Constantinopolitano
635 2156 676 2222 ad
696 2156 847 2222 ordinem
859 2158 1117 2242 presbyteratus
1135 2161 1304 2238 promotus

166 2335 186 2388 ll
205 2332 274 2387 ibid.
295 2347 354 2401 cap.
374 2335 391 2388 9
499 2331 663 2404 διαφερόντως
682 2331 709 2386 δέ
732 2331 839 2405 ίραστὴς
857 2332 900 2384 καί
923 2331 1038 2404 μιμητὴς
1061 2331 1159 2401 λέγεται
1181 2331 1307 2402 γεγονέναι

72 2431 115 2476 τοῦ
146 2421 357 2493 ούρανοφάντορος
387 2420 527 2476 Βασιλείου·
563 2423 648 2475 τούτου
671 2425 720 2494 γὰρ
745 2428 799 2484 ταῖς
822 2421 972 2494 ἀσκητικαῖς
994 2419 1161 2492 νομοθεσίαις,
1185 2421 1230 2473 καί
1252 2427 1307 2484 ταῖς

74 2511 167 2573 ἄλλαις
186 2511 294 2582 μάλιστα
305 2519 353 2563 τῶν
365 2511 495 2582 θεοσόφων
508 2510 600 2582 βίβλων
619 2511 791 2583 έμφιλοσοφῶν
805 2509 1023 2582 δογματοθεσίαις,
1043 2510 1086 2562 καί
1098 2512 1126 2562 τό
1145 2509 1240 2573 πλάτος
1258 2517 1305 2584 τῆς

74 2599 164 2672 σοφίας
182 2619 207 2652 τε
226 2601 268 2653 καί
286 2599 429 2672 φρονήσεως
452 2599 527 2654 αύτού
551 2600 668 2672 μεγάλως
693 2599 890 2670 ἀποθαυμάζων,
914 2598 972 2652 όλον
995 2600 1081 2652 ἑαυτὸν
1104 2599 1250 2672 ἐμπαρεῖχεν
1273 2597 1307 2662 είς

73 2688 228 2762 ἀφομοίωσιν
253 2695 296 2742 τοῦ
323 2689 443 2760 μεγάλου,
471 2697 519 2763 τῆς
546 2690 585 2742 ἐπ’
612 2689 722 2762 ἀγαθοῖς
751 2688 879 2761 ῥᾳθυμίας
907 2687 932 2740 έν
955 2686 1024 2762 αύτῷ
1047 2688 1132 2742 λοιπόν
1153 2689 1240 2761 χώραν
1263 2688 1308 2742 oba

72 2779 194 2852 έχούσης·
221 2783 420 2851 παρεωραμένην
447 2783 496 2850 γὰρ
526 2779 602 2851 εὑρὼν
628 2780 684 2832 κατ’
711 2781 788 2832 έκεῖνο
815 2786 903 2849 καιροῦ
925 2780 971 2852 την
993 2787 1042 2832 τῶν
1065 2779 1207 2851 ἀσκητικῶν
1232 2776 1307 2832 αύτοῦ

74 2867 222 2922 διατύπωσιν
249 2867 294 2920 ύπὸ
322 2875 370 2920 τῶν
397 2869 422 2920 έν
445 2868 573 2936 κοινοβίοις
593 2867 738 2922 διαιτᾶσθαι
766 2868 931 2942 ἀνεχομένων,
959 2875 994 2940 τῷ
1022 2868 1135 2932 δούλους,
1163 2869 1238 2943 φημὶ,
1265 2869 1308 2921 καὶ

74 2958 246 3030 βοσκημάτων
272 2956 393 3028 νομάδας,
418 2958 461 3010 καὶ
480 2957 578 3030 θήλεια
601 2960 781 3030 περιποιεῖσθαι
803 2959 894 3032 κτήνη,
918 2958 1052 3032 πλήττεται
1075 2963 1119 3031 μέν
1146 2958 1238 3021 ἱκανῶς
1261 2960 1308 3032 τὴν

73 3046 179 3119 καρδίαν
197 3045 454 3109 evulsaaeuulsa<
472 3055 521 3100 τῶν
538 3048 621 3118 νόμων
639 3047 789 3120 ύπεροψίαις·
817 3088 912 3105 ......
936 3047 977 3103 Cf.
997 3064 1107 3116 quoque
1126 3065 1147 3104 e.
1167 3048 1307 3103 Theodori

75 3135 233 3191 orationem
251 3135 293 3189 XI
312 3136 350 3203 (in
370 3136 480 3190 laudern
500 3151 521 3192 s.
543 3136 668 3190 Platonis
687 3137 851 3204 hegumeni)
871 3152 930 3205 ουρ.
951 3137 989 3191 IV
1007 3153 1033 3192 n.
1054 3139 1101 3192 23:
1139 3135 1184 3198 Εἰς
1203 3139 1248 3200 τὰς
1266 3145 1309 3190 τοῦ

75 3225 190 3298 μεγάλου
206 3226 250 3277 καί
267 3226 391 3298 θεοφόρου
413 3225 543 3279 Βασιλείου
562 3225 713 3298 νομοθεσίας
738 3225 867 3294 εἰσελθὼν,
892 3227 927 3288 ὡς
947 3225 971 3279 έν
994 3225 1144 3297 παραδείσῳ,
1168 3227 1210 3279 καί
1234 3226 1309 3298 εύρδιν

74 3314 261 3387 δναντισυμένην
278 3321 310 3386 τῇ
328 3313 450 3386 μοναδικγγ
468 3314 579 3385 πολιτείᾳ
598 3317 644 3388 τὴν
662 3316 822 3388 ἀνθρωπίνην
841 3317 984 3388 ουνίγθειαν,
1009 3318 1070 3388 πρδς
1089 3324 1124 3387 τῷ
1142 3325 1183 3369 τοῦ
1203 3315 1309 3389 θήλεως

75 3405 134 3476 ζώῳ
162 3403 264 3466 δούλαις
286 3404 318 3456 τό
340 3404 451 3472 κοινύβια
474 3404 639 3476 διοικούμενα,
668 3407 803 3458 κάντεῦθεν
829 3405 927 3468 πολλὰς
950 3409 995 3468 τὰς
1023 3406 1126 3468 ἀτοπίας
1156 3407 1308 3474 τικτομένας,

75 3495 174 3566 μείζους
187 3492 214 3546 δέ
225 3496 271 3556 τὰς
290 3494 398 3565 ψυχικὰς
411 3495 507 3566 ζημίας
520 3495 696 3566 ὑφισταμένας,
710 3494 758 3564 δρα
769 3515 792 3547 τι
805 3495 945 3566 ἐργάζεται.
966 3510 1002 3552 se.
1018 3496 1107 3550 Plato.
1126 3495 1310 3570 Ἐπερωτησεσι

74 3584 191 3656 πρότερον
208 3584 367 3656 χρησάμενος
390 3586 461 3654 παρὰ
484 3591 531 3636 τῶν
550 3581 575 3637 εύ
595 3582 701 3647 εἰδότων,
725 3585 760 3646 ὡς
779 3586 809 3637 ἂν
827 3583 894 3658 μηδέ
917 3584 976 3638 αύτδ
1000 3587 1027 3638 τό
1046 3585 1124 3636 καλὸν
1146 3585 1310 3655 ἀβασάνιστον

75 3671 118 3746 εἴη
138 3672 197 3745 (τῆς
215 3675 264 3745 γὰρ
282 3671 458 3745 αύταρεσκείας
477 3671 558 3744 πόρρω
576 3674 661 3738 νεύων,
680 3673 724 3727 ούκ
743 3670 776 3747 ἦν
799 3673 862 3736 τι,δ
886 3675 925 3746 μὴ
949 3672 1110 3745 συμβουλίαις
1136 3673 1309 3746 διεπράττετο),

74 3769 218 3833 καινοτομεί
234 3764 280 3825 τὰς
299 3761 416 3834 ίκνύμοος
435 3761 584 3833 παραδόσεις
607 3763 643 3828 ὡς
667 3761 821 3834 φιλοκόκους
844 3762 951 3835 αἱρέσεις
974 3764 1016 3816 καί
1038 3765 1149 3834 καθιστᾷ
1171 3766 1199 3816 τό
1222 3765 1310 3818 ἑαυτοῦ

75 3852 244 3924 μοναστίγριον
268 3851 326 3923 ἄτερ
349 3851 451 3915 δούλων,
476 3849 524 3914 ἔξω
547 3859 589 3906 τού
612 3852 718 3925 θήλεως
741 3852 805 3913 (moe
829 3851 893 3924 δίχα
913 3852 1050 3926 ίμπορικης
1073 3852 1158 3926 ἄλλης
1182 3855 1309 3926 προσόδου,

78 3942 152 3993 ἅτινα
172 3940 304 4012 καπηλικὰ
322 3941 400 4015 κέρδη
419 3941 432 3994 δ
451 3939 525 4004 atto<
544 3943 613 4005 θεῖος
633 3941 765 4004 Βασίλειος
784 3940 919 4012 δνομόιζων,
939 3950 1060 4014 φευκταῖα
1079 3942 1182 4015 εἴρηκεν.
1212 3943 1310 3996 Γίνεται

76 4028 104 4081 δὲ
123 4029 144 4102 ἡ
163 4030 321 4098 κατύρθωσις
340 4028 384 4082 ona
402 4031 521 4104 ἀμογητί,
546 4030 615 4084 ἀλλὰ
637 4034 686 4103 γὰρ
709 4031 751 4083 καί
774 4031 833 4085 λίαν
855 4040 1029 4104 περιστατικῶς
1053 4032 1081 4084 έκ
1103 4040 1152 4084 τῶν
1175 4052 1311 4086 συνασκου-

77 4119 160 4190 μένων
179 4117 272 4190 ἀηθῶν
290 4116 374 4181 ὄντων,
393 4121 436 4172 καί
454 4120 549 4172 ἐκτῶν
567 4117 663 4182 ἔξωθεν
681 4120 888 4194 ἀντιπραττόντων
899 4129 934 4192 τῷ
947 4121 1041 4192 ἀγαθῷ
1054 4129 1147 4192 σκοπῷ.
1162 4121 1207 4175 ούκ
1220 4121 1311 4196 δλίγων

75 4207 240 4278 ὑπαρχόντων
263 4247 377 4264 .......
395 4207 497 4279 ’Ἥψατο
517 4217 646 4280 τοιγαροῦν
674 4210 786 4283 όζηλος
813 4218 862 4262 τῶν
889 4210 1006 4282 ἐγγύθεν,
1034 4211 1077 4262 καί
1105 4211 1242 4282 μετέλαβον
1268 4221 1311 4266 τοῦ

77 4297 184 4369 ἀγαθού
203 4294 225 4348 οἱ
243 4295 360 4367 φιλόθεοι
377 4295 514 4368 πόβρωθεν,
533 4297 646 4361 κάκεῖνος
668 4300 696 4352 τδ
714 4298 787 4363 κλέος
812 4299 951 4362 διαιωνίζον
973 4300 1140 4373 ἀπηνέγκατο.
1170 4299 1201 4354 Εἰ
1224 4300 1250 4354 δέ
1268 4303 1312 4354 καί

77 4385 160 4439 ἄλλον
178 4383 249 4458 ἔσχεν
261 4385 444 4466 συναγωνιστὴν
452 4405 478 4438 τε
490 4405 534 4439 και
546 4386 716 4460 συλλήπτορα,
736 4389 802 4461 φημί
815 4387 849 4462 δὴ
861 4391 902 4442 τδν
914 4397 993 4442 ταῦτα
1006 4390 1109 4460 λέγοντα
1121 4393 1164 4442 καί
1177 4395 1311 4463 γράφοντα,

77 4481 115 4546 τῷ
133 4475 207 4546 πατρί
223 4476 270 4548 τὴν
287 4475 360 4547 χάριν
376 4474 497 4527 ἀνεκτέον·
515 4474 583 4530 παιδί
599 4479 648 4548 γὰρ
660 4478 779 4550 προσήκει
797 4480 824 4530 τὸ
838 4483 919 4530 πάντα
938 4478 1082 4549 πατρώζειν,
1101 4479 1144 4532 καὶ
1157 4479 1215 4532 όλον
1227 4481 1312 4533 ἑαυτὸν

80 4563 232 4636 ἐμπαρέχειν
249 4571 284 4636 τῷ
303 4565 437 4638 γεννήτορι.
468 4565 584 4634 (iligna,
604 4565 622 4622 l.
642 4583 674 4633 a,
694 4567 744 4620 ool.
758 4569 838 4636 895.)
863 4566 913 4620 llis
926 4567 1019 4621 verbis
1033 4567 1151 4622 laudans
1166 4568 1311 4623 Platonem

79 4652 245 4708 Theodorus
269 4667 299 4708 se
322 4654 416 4724 ipsum
439 4650 565 4710 modeste
588 4654 699 4709 nonnisi
724 4662 933 4725 cooperatorem
958 4654 994 4710 ad
1023 4657 1232 4712 reformandum
1255 4673 1311 4711 mo·

81 4741 241 4798 naeterlnm
261 4743 394 4811 appellat.

1153 4853 1180 4894 1.
