3212 5264
718 280 735 342 i

113 495 215 562 nacbi
250 500 361 562 autem
389 494 560 561 Studitani
590 494 680 561 intra
702 495 872 577 proprium
900 495 1140 562 monasterium
1172 496 1344 562 custodiae

115 601 262 668 militari
293 601 413 667 traditi
448 601 555 670 variis
578 601 686 668 modis
709 603 928 669 uexabantur.
939 599 963 687 1)
1009 601 1193 684 Nicephoro
1230 609 1343 670 tamen

112 710 150 775 in
174 708 387 792 expeditione
411 709 573 777 adversus
596 709 763 792 Bulgarus
797 714 969 792 perempto
992 709 1185 776 Theodorus
1220 731 1239 774 a
1270 729 1342 776 suc·

113 834 251 883 cessure
274 815 347 882 eius
364 815 530 882 Michaele
546 813 746 898 curopalate
768 812 811 900 (a
827 812 906 898 811)
929 816 1134 884 monasterio
1158 835 1218 884 suu
1241 817 1344 883 resti·

113 927 211 990 tutus
236 918 333 1000 est.)

207 1055 288 1122 (lum
312 1061 424 1123 autem
444 1057 513 1124 Leo
528 1057 694 1122 Armenus
718 1057 901 1138 imperatur
925 1057 1035 1123 iactus
1058 1055 1101 1142 (a.
1118 1055 1196 1141 814)
1219 1056 1344 1123 bellum

114 1164 281 1232 adversus
306 1182 423 1230 sacras
447 1163 614 1245 imagines
638 1163 856 1247 instauraret,
883 1164 1075 1231 Theodorus
1106 1169 1242 1246 propter
1264 1163 1344 1231 fidei

113 1271 302 1337 catholicae
320 1269 563 1345 ‚defensionem
599 1288 703 1352 usque
731 1270 773 1336 ad
798 1271 925 1337 obitum
947 1289 1007 1353 per
1031 1270 1203 1337 duodecim
1238 1289 1342 1337 annos

112 1376 307 1444 carceribus
332 1381 367 1444 et
390 1377 510 1444 exsilio
534 1381 676 1445 vexatus
700 1381 763 1443 est.
771 1375 797 1456 ³)

226 1598 257 1704 ς
284 1603 321 1681 3.
349 1601 413 1682 116
434 1598 757 1682 reformatione
785 1598 988 1681 instituti
1015 1598 1237 1683 Basilianl

373 1765 399 1825 a
427 1741 661 1825 Theodoro
692 1741 867 1825 studita
894 1743 1092 1844 peracta.

205 1907 321 1973 Status
356 1905 532 1972 Ecclesiae
567 1904 753 1972 Orientalis
791 1908 868 1987 post
901 1903 1024 1971 Basilii
1062 1905 1179 1989 Magni
1216 1905 1345 1972 obitum

113 2013 339 2079 tristissimus
372 2013 483 2078 tactus
515 2017 569 2080 est
599 2017 670 2079 tum
693 2017 830 2095 propter
852 2031 983 2095 pugnas
1008 2010 1276 2096 christulugicaS,
1309 2013 1345 2079 in

111 2120 233 2202 quibus
266 2118 445 2186 christiani
477 2119 551 2202 plns
585 2119 869 2203 disputationibus
893 2119 933 2186 de
964 2119 1028 2186 fide
1062 2138 1158 2201 quam
1183 2119 1277 2187 vitae
1301 2119 1343 2184 ad

110 2246 263 2294 normam
286 2226 365 2294 fidei
389 2228 540 2311 agendae
560 2225 684 2293 intenti
701 2231 808 2310 erant,
831 2231 903 2292 tum
918 2233 1054 2309 propter
1078 2227 1343 2293 machinationes

111 2335 353 2416 imperatorum
387 2335 665 2418 Byzantinorum,
705 2333 761 2415 qui
796 2333 908 2417 magis
943 2334 1119 2417 magisque
1153 2333 1344 2400 Ecclesiam

112 2441 272 2507 ancillam
296 2441 478 2524 potestatis
503 2441 616 2509 civilis
640 2441 801 2507 lecerunt.
836 2439 928 2523 Quae
951 2459 1025 2506 curn
1040 2441 1092 2506 ita
1108 2445 1234 2514 esseut,
1258 2440 1344 2507 nihil

111 2547 235 2614 mirum
252 2548 336 2630 quod
352 2546 423 2614 illis
439 2548 646 2630 temporibus
664 2547 845 2630 disciplina
860 2547 1140 2613 monasteriorum
1156 2547 1192 2613 in
1205 2547 1343 2614 Oriente

111 2654 270 2722 relaxata
306 2659 361 2721 est
393 2655 610 2738 Regulaeque
644 2653 777 2738 Basilii,
811 2672 894 2735 quae
929 2652 1006 2720 olim
1040 2659 1093 2721 101
1127 2654 1343 2721 monasteriis

111 2780 231 2828 norma
267 2760 360 2830 vitae
399 2780 439 2828 ac
478 2761 678 2843 disciplinae
713 2766 826 2845 erant,
869 2761 1032 2844 paulatim
1070 2761 1106 2828 in
1142 2760 1343 2829 oblivionem

110 2873 285 2937 venerunt.

204 3003 324 3085 Sisque
341 3004 473 3070 saeculo
494 3008 612 3071 octavo
628 3002 791 3086 monachi,
814 3006 905 3068 teste
920 3002 1091 3069 Theodoro
1108 3002 1249 3077 studita,
1275 3002 1344 3068 alia

112 3129 158 3177 ex
168 3110 292 3176 Basilii
308 3110 441 3194 legibus
459 3110 688 3194 desumebant,
704 3108 774 3176 alia
784 3127 874 3192 vero,
891 3112 929 3174 nt
943 3109 1082 3193 placuit,
1098 3109 1309 3176 omittebant.
1330 3108 1343 3194 l

114 3217 163 3284 Et
185 3234 310 3301 magna
342 3217 479 3283 eratin
508 3217 723 3283 monasteriis
748 3216 898 3296 conlusio
927 3221 962 3283 ct
990 3217 1229 3295 inobedientia,
1265 3217 1344 3298 quia

112 3323 240 3408 singuli
275 3324 471 3391 nitebantur
499 3325 653 3390 humanis
688 3322 982 3390 consuetudinibus
1005 3324 1258 3405 vicinorumque
1283 3324 1343 3414 in·

111 3430 257 3515 stitutis‚
295 3449 380 3513 quae
414 3431 480 3498 Dei
517 3432 650 3514 legibus
680 3431 779 3514 plane
809 3431 1077 3498 adversabantur
1108 3431 1343 3512 malebantque

109 3539 211 3604 huius
234 3543 269 3604 et
292 3538 385 3604 illius
408 3539 603 3622 praepositi,
627 3556 725 3620 quam
741 3537 930 3605 divinorum
950 3544 1084 3620 patrum
1099 3538 1206 3606 vitam
1230 3539 1342 3604 obser-

203 3785 226 3855 1)
245 3783 313 3839 Vita
330 3784 367 3847 11,
388 3799 448 3854 cap.
467 3783 581 3840 25-27.

202 3873 225 3946 ²)
244 3873 312 3928 Vita
332 3875 366 3937 11,
386 3890 444 3942 cap.
465 3876 507 3929 28.

202 3963 225 4024 ³1
246 3963 312 4018 Vita
333 3967 363 4026 ll,
382 3980 441 4032 cap.
461 3964 575 4019 30-68.

201 4063 226 4134 4)
245 4065 270 4119 S.
291 4061 429 4116 Theodori
448 4063 575 4116 studitae
594 4063 818 4116 Testamentum:
850 4061 1014 4134 Σονομολομο
1040 4061 1066 4114 δὲ
1096 4063 1157 4133 πρὸς
1179 4062 1273 4127 αόοοις
1300 4067 1343 4116 καί

108 4155 140 4207 τί
158 4151 290 4223 μοναδικὸν
317 4161 408 4225 σχῆμα
435 4151 533 4224 ὑψηλόν
554 4169 581 4204 τε
599 4145 661 4204 εἶναι
683 4152 726 4204 καί
749 4151 893 4224 ἐπηρμένον,
917 4153 960 4206 καί
983 4151 1121 4224 ἀγγελικὸν,
1145 4152 1299 4222 καθαρτικόν
1316 4170 1343 4205 τε

108 4245 198 4314 πάσης
217 4241 342 4314 ἁμαρτίας
360 4241 401 4295 διὰ
416 4241 514 4303 τελείας
532 4239 690 4311 aretusae·
710 4239 816 4315 εὔδηλον
833 4245 899 4295 κατὰ
917 4243 964 4315 τὴν
975 4240 1125 4313 νομοθεσίαν
1140 4248 1189 4294 τῶν
1201 4240 1343 4314 ἀακητικῶν

108 4339 155 4386 τοῦ
183 4331 254 4384 θείου
280 4332 324 4384 καί
346 4331 458 4404 μεγάλου
481 4330 614 4385 Βαοιλείοο
638 4330 817 4403 διεξαγὸμενον,
839 4333 883 4384 καί
906 4330 950 4384 οὐκ
972 4330 998 4393 ἐξ
1021 4329 1146 4403 ἡμισείας·
1170 4332 1206 4391 ὥς
1225 4332 1263 4404 πή
1280 4349 1343 4395 τινες

108 4424 144 4475 τὰ
163 4423 207 4492 μὲν
225 4419 373 4493 αἱρούμενοι,
397 4424 429 4473 τὰ
447 4419 472 4474 δὲ
495 4421 645 4492 ὲπαφιὲνοες·
675 4420 738 4474 ὥστε
761 4423 800 4496 μὴ
823 4415 884 4475 εἶναι
906 4418 963 4473 ἄνευ
984 4427 1033 4472 τῶν
1056 4419 1081 4472 ἐν
1102 4428 1135 4492 τῇ
1157 4423 1216 4491 θείᾳ
1238 4420 1343 4492 κλίμακι

110 4509 324 4582 ἀποδεδειγμένων
350 4517 424 4582 τριῶν
444 4515 630 4572 καταπάοεων,
660 4509 755 4582 αἱμετὸν
773 4509 860 4573 ἄλλως
882 4529 936 4573 πως
959 4508 1069 4582 νομίμως
1091 4510 1226 4581 ἒκιβιωναι·
1244 4509 1273 4563 οὐ
1291 4511 1343 4583 μὴν

110 4599 169 4655 οὔτε
187 4599 274 4654 δοῦλον
291 4601 441 4672 κεκτῆσθαι,
460 4598 514 4654 οὔτε
532 4607 622 4672 κτῆνος
640 4607 690 4652 τῶν
708 4601 737 4652 ὲκ
754 4608 797 4653 τοῦ
815 4599 921 4673 θήλεως
938 4604 1033 4671 γένους,
1053 4599 1139 4652 διὰτὸ
1164 4599 1282 4652 ἀνοίκειον
1299 4607 1341 4651 τοῦ

111 4687 304 4763 ἐπαγγέλματος
322 4690 365 4744 καί
382 4688 527 4744 ἐπικίνδυνον
543 4698 599 4752 ταῖς
617 4691 720 4761 ψυχαῖς,
741 4690 857 4758 (iligna,
877 4689 895 4745 l.
915 4705 947 4755 6.,
967 4689 1019 4744 001.
1039 4689 1128 4758 1816.)
