3212 5264
854 323 894 386 12

264 535 330 602 Ubi
356 537 417 602 sub
440 536 511 602 Deo
534 539 624 603 teste
647 539 682 602 et
706 537 837 619 angelis
852 536 962 604 factae
980 533 1240 620 promissiones?
1274 536 1340 603 Ubi
1357 535 1491 620 fulgens

265 641 401 708 habitus
441 639 616 725 splendor?
670 643 737 710 Ubi
776 643 949 726 spiritales
987 661 1071 725 quae
1109 648 1220 710 mente
1257 643 1492 726 intelliguntur

264 745 424 831 nuptiae?
476 749 541 816 Ubi
570 749 702 815 oblatus
735 754 870 832 propter
899 755 934 816 te
965 752 1083 834 Agnus
1111 747 1199 816 Dei?
1249 749 1315 816 Ubi
1348 749 1491 815 fratrum

266 874 307 922 ex
335 856 517 940 Evangelii
544 857 753 939 praescripto
781 855 938 923 laetitia?
988 857 1054 924 Ubi
1083 857 1318 922 sanctissimus
1347 856 1492 922 omnium

266 962 479 1044 complexus?
524 963 590 1029 Ubi
614 963 655 1028 ad
681 964 829 1031 divinum
854 964 962 1030 altare
987 963 1165 1030 accessus?
1203 962 1268 1030 Ubi
1285 961 1433 1046 corporis
1458 968 1494 1028 et

267 1069 442 1152 sauguinis
472 1069 599 1135 Christi
628 1070 743 1137 divina
772 1069 964 1152 perceptio?
1014 1071 1080 1137 Ubi
1107 1075 1181 1136 tota
1212 1070 1366 1137 laetitiae
1392 1071 1494 1152 plena

266 1181 301 1242 et
325 1177 477 1259 angelico
500 1195 562 1258 par
585 1177 707 1259 gaudio
732 1175 985 1243 caeremonia?“
1009 1179 1056 1244 Ut
1079 1178 1185 1261 igitur
1208 1197 1249 1244 ox
1272 1178 1335 1244 hae
1351 1177 1494 1260 epistola

269 1287 372 1365 patet,
408 1283 573 1365 professio
608 1285 795 1350 monastica
831 1285 867 1351 in
900 1285 1064 1351 sacrificio
1093 1285 1219 1352 missae
1250 1285 1286 1350 in
1314 1289 1492 1366 conspeetu

267 1390 373 1456 totius
398 1391 688 1456 confraternitatis
712 1391 939 1458 emittebatur.

354 1532 406 1598 Ad
436 1551 518 1614 quas
548 1534 774 1599 caeremonias
805 1533 986 1600 accedebat
1021 1553 1147 1615 quoque
1180 1533 1331 1600 detonsio
1359 1533 1494 1617 capitis,

268 1657 351 1721 quae
375 1658 395 1704 a
417 1638 608 1722 praeposito
631 1639 827 1706 monasterii
850 1642 1084 1723 peragebatur.
1093 1638 1118 1719 1)
1154 1641 1195 1706 In
1214 1641 1337 1707 Basilii
1361 1640 1494 1722 quidem
1596 1663 1597 1704 ι

267 1745 406 1828 scriptis
430 1747 522 1811 nulla
544 1746 583 1812 fit
605 1747 730 1813 mentio
754 1753 912 1812 tonsurae
936 1745 1154 1830 monasticae;
1178 1748 1214 1812 in
1237 1747 1381 1830 epistola
1403 1747 1493 1813 enim

267 1854 301 1919 X
324 1851 506 1939 Basilius2)
530 1853 758 1920 tantummodo
782 1854 934 1920 declarat
957 1855 1115 1920 monacho
1139 1855 1318 1922 convenire
1340 1853 1495 1919 habitum

267 1960 457 2044 neglectum
488 1979 680 2042 comamque
709 1960 905 2053 squalidam,
934 1961 1015 2027 adeo
1043 1966 1089 2044 ut,
1118 1980 1202 2042 quae
1229 1961 1385 2044 lugentes
1414 1961 1496 2026 dato

267 2067 441 2133 occasione
478 2067 614 2150 faciunt,
651 2066 725 2148 ipso
763 2085 824 2132 sua
862 2072 978 2150 sponte
1013 2085 1094 2149 prae
1127 2085 1164 2133 se
1198 2067 1295 2133 ferat.
1352 2067 1494 2134 Demum

268 2174 401 2239 saeculo
426 2172 567 2255 septimo
600 2173 829 2240 detonsionem
859 2174 981 2257 capitis
1012 2175 1048 2239 in
1074 2173 1280 2256 professione
1307 2173 1495 2240 monastica

268 2279 453 2346 emittenda
477 2279 637 2346 usitatam
661 2279 767 2346 fuisse
790 2285 885 2363 patet
908 2300 950 2348 ex
973 2281 1154 2348 canonibus
1178 2281 1220 2344 42
1238 2286 1273 2348 et
1296 2281 1338 2345 43
1355 2279 1495 2347 Concilii

267 2385 463 2464 Trullani.³)
510 2389 555 2453 At
583 2392 696 2453 aetate
724 2387 888 2453 Theodori
915 2393 1055 2454 tonsura
1085 2389 1316 2454 monachorum
1346 2388 1382 2454 in
1412 2387 1495 2453 obli·
1596 2367 1597 2430 ἶ

267 2494 398 2563 vionem
425 2493 526 2570 venit,
551 2499 588 2560 nt
619 2495 766 2577 perspici
794 2499 907 2577 potest
934 2513 975 2561 ex
1003 2495 1147 2578 epistola
1175 2495 1246 2561 eius
1276 2495 1318 2560 ad
1341 2495 1495 2561 Nicetam

269 2601 447 2685 patricium
479 2601 641 2682 quendam
671 2601 810 2682 directa,
839 2602 896 2668 ubi
925 2601 1061 2668 uberius
1091 2603 1238 2685 explicat
1266 2602 1494 2668 detonsionem

268 2709 391 2792 eapitis
416 2708 490 2774 fieri
514 2707 608 2774 iuxta
631 2713 764 2776 veteres
789 2728 942 2794 canones,
967 2710 1023 2791 qui
1047 2728 1158 2776 comas
1183 2709 1230 2775 ali
1252 2707 1412 2795 vetante)
1454 2708 1495 2774 In

269 2820 394 2897 quanta
412 2819 524 2881 autem
539 2814 775 2882 aestimatione
791 2821 930 2883 tonsura
951 2817 1137 2883 monastica
1153 2815 1265 2896 fuerit,
1290 2814 1495 2899 intelligitur

273 2942 314 2989 cx
329 2921 493 2989 Theodori
517 2923 661 3004 epistola
686 2923 758 3006 137,
782 2924 839 2988 ubi
863 2923 1045 3000 declarati)
1068 2927 1239 2990 tonsuram
1262 2942 1339 2990 esse
1362 2924 1496 3006 insigne

269 3030 364 3098 vitae
387 3030 593 3096 monasticae
621 3028 769 3120 ideoque
788 3030 932 3097 maxime
960 3031 1176 3114 reprehendit
1203 3031 1400 3113 Procopium
1429 3048 1497 3095 mo-

269 3138 420 3208 nochum,
446 3137 501 3219 qui
526 3141 622 3203 extra
652 3135 844 3204 coenobium
872 3137 979 3206 vitam
1008 3156 1114 3221 agens
1141 3137 1340 3220 promissam
1370 3155 1497 3204 comam

270 3244 306 3310 in
328 3262 454 3310 morem
478 3243 695 3310 eremitarum
719 3244 813 3310 aluit.

361 3500 385 3568 ¹)
404 3498 483 3553 Libri
502 3499 531 3553 11
551 3497 633 3568 epist.
653 3500 706 3554 164
724 3499 837 3569 (iligna,
851 3499 870 3555 l.
884 3515 915 3566 α,
936 3498 988 3554 eol.
1008 3500 1101 3571 1522);
1120 3499 1186 3553 libri
1202 3500 1218 3554 1
1237 3515 1279 3568 ep.
1293 3500 1327 3553 27
1347 3497 1498 3567 (ilignei.

271 3604 303 3654 α,
327 3587 378 3643 ool.
402 3590 454 3642 93³
479 3588 579 3659 seqq.);
605 3587 691 3643 eiusd.
715 3587 780 3642 libri
804 3604 846 3656 sp.
872 3591 906 3643 14
932 3587 1044 3657 ignatio
1072 3588 1241 3657 hegumeno:
1277 3587 1353 3641 ’Ati’
1376 3585 1425 3640 ἔδει
1446 3585 1500 3659 μετ’

270 3677 436 3750 ἐπιγνώσεως,
456 3675 484 3730 ὃν
503 3675 547 3730 οὐκ
566 3677 698 3749 ἀπέκειρεν,
717 3677 917 3750 ἀποπέμψασθαι
940 3719 1019 3734 .....
1043 3677 1157 3749 (Migue¹
1178 3678 1199 3731 l.
1217 3693 1250 3743 α,
1269 3676 1321 3731 eol.
1340 3679 1414 3746 956).

361 3783 384 3854 8)
402 3784 452 3852 Ep.
474 3786 552 3839 1011.
572 3787 588 3838 6
608 3784 713 3854 (Opere
731 3784 831 3839 Basilii
851 3785 916 3840 edit.
935 3785 1004 3840 Ben.
1024 3789 1090 3839 tom.
1109 3785 1159 3839 ΙΙΙ.
1178 3800 1245 3854 pag.
1266 3785 1339 3854 104).

360 3892 383 3962 ³)
403 3891 468 3946 Uarr.
487 3894 523 3946 42
543 3891 623 3947 Uono.
649 3891 737 3947 Trull.
765 3891 878 3962 (iligna.
899 3906 920 3948 s.
945 3907 987 3960 gr.
1006 3897 1027 3948 t.
1048 3893 1107 3959 137,
1127 3890 1178 3945 ool.
1198 3894 1258 3960 664,
1283 3890 1360 3962 665);
1380 3890 1446 3946 uon.
1464 3891 1501 3944 45

273 3979 398 4035 eiusdem
417 3979 498 4036 Ocno.
519 3980 633 4050 (iligna,
652 3979 672 4034 l.
692 3998 722 4048 c,
743 3980 794 4036 ool.
814 3983 886 4052 672).

360 4087 386 4159 4)
404 4087 482 4142 Libri
500 4089 515 4142 I
534 4087 616 4158 epist.
635 4088 670 4142 27
694 4088 806 4158 (iligna,
830 4093 851 4144 t.
878 4091 920 4150 99.
945 4088 996 4142 eol.
1019 4089 1098 4152 aaut:
1122 4086 1180 4140 Ὅτι
1202 4086 1229 4140 δὲ
1250 4087 1399 4160 πρόσταγμα
1422 4089 1500 4146 θεῖον,

271 4185 367 4244 πρῶτον
394 4179 438 4248 μὲν
465 4183 568 4249 φανεροῒ
592 4176 780 4239 ὁἈπόαταλος
808 4178 842 4245 (I.
862 4176 923 4233 bor.
947 4176 994 4242 XI,
1014 4177 1071 4246 14)·
1095 4175 1177 4230 ἔπειτα
1196 4175 1223 4230 αἱ
1242 4176 1366 4239 διατάξεις
1394 4176 1501 4245 (Oenei.

273 4271 363 4333 apost.
383 4264 430 4320 lib.
450 4267 472 4322 Ι.
492 4280 551 4334 cap.
571 4268 609 4336 8)·
627 4259 681 4319 εἶτα
699 4265 913 4337 ὁΧρυαόοαομος·
932 4266 1127 4327 κατασκευάζων
1145 4265 1286 4339 ἁμάριημα
1304 4265 1502 4338 ὁμολογούμενον

271 4347 335 4408 εἶναι
352 4355 380 4407 'od
398 4361 478 4426 ιαμᾷν
495 4356 552 4418 τοὺς
571 4354 672 4423 ἄνδρας·
690 4355 831 4409 selandici
849 4355 986 4426 ὁιιαρὰτῇ
996 4355 1059 4426 ἕκτῃ
1069 4355 1130 4426 ἁγίᾳ
1138 4353 1232 4427 συνόδῳ
1242 4355 1332 4420 κανὼν,
1341 4359 1502 4424 προστάσσων

272 4449 316 4498 καί
334 4442 470 4516 ἀφαρισμὸν
486 4451 539 4506 ταῖς
557 4445 596 4518 μὴ
613 4445 771 4517 πειθομένοις
789 4445 867 4514 (Syn.
886 4442 975 4499 Trull
995 4458 1054 4499 can.
1074 4445 1118 4514 96)
1143 4485 1221 4500 .....

364 4549 387 4620 ⁶)
406 4549 483 4604 Libri
502 4551 530 4604 11
549 4550 631 4620 epist.
651 4553 715 4607 137:
806 4549 852 4613 Τίς
869 4551 890 4625 ἡ
908 4549 1012 4624 insola
1030 4568 1074 4604 ooo
1092 4549 1168 4624 αὕτη
1187 4550 1335 4623 πεφευγότος
1352 4551 1444 4624 κόσμοι
1462 4548 1503 4603 διὰ

272 4648 321 4714 τῆς
339 4647 481 4712 μοναχιιιῆς
499 4639 649 4702 nitidant
667 4645 710 4694 ιιαῑ
727 4638 813 4694 οἴκαδε
830 4639 904 4694 πάλιν
921 4639 1128 4711 ἀνασφὲψααιος·
1152 4640 1272 4704 λυθέντος
1292 4639 1389 4712 δασμῶν
1406 4657 1503 4708 apom-

275 4731 357 4796 dcccc,
384 4736 456 4783 saiw
473 4731 523 4802 γὰρ
540 4729 561 4802 ἡ
579 4728 706 4806 dumph,
729 4733 772 4783 xci
801 4723 877 4794 αὖθις
905 4727 1020 4791 tobim<
1047 4735 1079 4801 τῇ
1102 4728 1242 4802 newis-'qest
1266 4735 1315 4802 τῆς
1341 4734 1429 4797 κυρίας
1455 4735 1504 4802 τῆς
