3212 5264
588 317 798 413 ‚Ar-

117 523 168 610 Ιο)
193 527 342 592 Tertium
376 527 546 611 ieiunium,
582 527 665 608 quod
702 527 935 610 Apostolorum
970 529 1104 608 dicitur,
1141 529 1307 612 incipite

189 633 299 715 prima
334 633 512 701 Dominica
546 637 623 717 post
656 634 879 702 Pentecosten
913 640 949 701 et
983 636 1185 704 terminatur
1218 636 1305 704 festo

189 740 431 822 Apostolorum
455 742 654 808 observatur
677 745 789 807 antem
809 741 896 808 seria
915 741 959 825 II,
982 741 1030 808 IV
1045 747 1081 808 et
1095 742 1142 808 VI
1159 743 1305 810 cavendo

189 846 382 929 apiscibus
413 852 448 913 et
479 847 559 931 oleo,
596 847 685 913 sicut
714 846 876 914 ieiunium
908 848 1196 932 quadragesimale
1228 855 1306 916 ante

188 954 411 1020 Nativitatem
429 954 566 1020 Christi.
594 955 753 1020 Attamen
770 953 824 1021 die
840 955 1073 1035 Apostolorum
1096 955 1232 1023 duorum
1248 957 1303 1024 vel

188 1061 369 1144 duodecim,
381 1062 410 1126 si
423 1061 550 1129 fortein
566 1060 685 1128 feriam
697 1061 744 1128 IV
756 1063 811 1130 vel
823 1062 870 1128 Vl
882 1061 1019 1142 incidat,
1034 1063 1187 1129 monachi
1199 1081 1304 1145 neque

188 1186 288 1234 carne
316 1186 422 1249 neque
452 1186 549 1235 caseo
573 1173 720 1253 utuntur,
749 1168 807 1236 sed
835 1169 985 1251 piscibus
1009 1173 1140 1236 tantum
1164 1175 1198 1236 et
1221 1170 1302 1237 oleo.

132 1308 166 1395 d)
190 1311 271 1377 Pari
295 1311 426 1377 ratione
450 1313 648 1379 observatur
671 1311 829 1378 ieiunium
852 1311 1021 1394 Deiparae
1044 1308 1078 1395 (i.
1101 1331 1130 1379 e.
1155 1331 1175 1381 a
1197 1314 1304 1395 primo

187 1436 291 1498 usque
315 1416 356 1483 ad
380 1418 461 1484 XIV
484 1415 686 1502 Augustum)
715 1417 802 1484 faria
824 1417 868 1501 11,
892 1417 939 1483 IV
963 1422 997 1484 et
1020 1418 1080 1499 VI;
1110 1419 1164 1486 die
1193 1425 1305 1487 autem

187 1522 520 1607 Transfigurationis,
557 1522 586 1590 si
622 1523 707 1591 forte
743 1524 791 1590 sit
824 1523 911 1590 feria
943 1524 979 1590 ΙΙ
1007 1525 1061 1594 vel
1092 1525 1140 1592 IV
1162 1527 1217 1594 vel
1246 1527 1303 1608 VI,

185 1631 334 1713 piscibus
369 1637 404 1698 et
435 1631 505 1698 oleo
535 1635 673 1697 utuntur
708 1631 861 1697 monachi
899 1635 1086 1714 propterea,
1127 1632 1210 1713 quod
1249 1638 1303 1700 est

187 1737 395 1804 sollemnitas
432 1738 569 1805 Christi.
627 1737 705 1820 Ipso
744 1742 856 1803 autem
895 1737 949 1804 die
983 1738 1204 1806 Dormitionis
1243 1740 1305 1806 im-

187 1845 376 1912 maculatae
399 1845 576 1928 Deiparae‚
610 1845 640 1910 si
668 1844 754 1911 forte
787 1844 961 1928 contingat
989 1843 1076 1911 feria
1098 1845 1147 1912 IV
1169 1846 1223 1914 vel
1246 1846 1303 1926 VI,

186 1972 251 2018 non
262 1957 399 2018 utuntur
410 1952 574 2019 carnevel
591 1969 688 2018 caseo
706 1957 841 2034 propter
857 1970 1013 2034 magnum
1033 1953 1304 2034 tremendumque

187 2059 295 2124 somni
318 2059 416 2124 huius
441 2057 630 2125 admirandi
654 2057 852 2141 prodigium.

167 2202 319 2282 Denique
342 2203 376 2268 in
398 2201 629 2268 Decollatione
653 2201 725 2269 divi
747 2201 994 2278 Praecursoris,
1025 2201 1055 2267 si
1080 2202 1127 2267 sit
1150 2201 1235 2269 feria
1257 2203 1305 2269 IV

77 2309 131 2374 vel
148 2308 205 2391 VI,
229 2309 389 2375 ieiunium
412 2328 475 2375 non
493 2309 634 2375 solvitur
650 2312 786 2392 propter
802 2307 895 2373 illam
911 2308 1049 2391 impiam
1072 2326 1196 2392 necem,
1221 2328 1304 2390 quae

77 2415 184 2481 menti
208 2416 410 2498 proponitur.

172 2557 375 2641 Appendicis
400 2559 509 2624 instar
532 2556 713 2640 quaeritur,
737 2561 848 2622 utrum
864 2557 1056 2624 Theodorus
1081 2558 1215 2625 Studita
1238 2578 1303 2626 mo-

74 2665 196 2732 nachis
230 2685 325 2731 usum
349 2665 460 2731 carnis
485 2684 621 2748 prorsus
650 2664 871 2730 inderdixerit
903 2683 1016 2730 neone.
1062 2665 1138 2731 Mea
1171 2665 1303 2747 quidem

77 2772 235 2854 opinione
257 2774 353 2840 iuxta
368 2772 573 2839 Theodorum
599 2771 766 2840 studitam
790 2791 870 2838 usus
894 2772 1006 2838 carnis
1030 2772 1200 2838 monachis
1229 2779 1304 2840 erat

75 2897 271 2960 concessus3
301 2898 377 2945 nam
401 2880 489 2946 nullo
512 2880 583 2946 loco
607 2881 715 2961 ipsius
740 2877 961 2945 Gatecheseos
990 2880 1166 2946 chronicae
1189 2879 1244 2948 vel
1266 2865 1305 2946 in'

74 2985 156 3051 aliis
182 2986 349 3068 opusculis
384 3004 542 3070 expresse
578 3005 657 3052 usus
693 2985 806 3052 carnis
834 2986 1055 3067 improbatum
1092 2987 1171 3067 quin
1203 2987 1302 3053 immo

74 3097 192 3158 textus
217 3091 438 3160 Catacheseos
470 3093 647 3159 chronicae
670 3092 821 3175 pluribus
844 3092 928 3157 locis
953 3092 1108 3175 supponit
1132 3091 1302 3158 monachis

74 3199 126 3264 nti
153 3219 252 3266 carne
280 3200 427 3267 licuisse.
478 3200 562 3266 Nam
598 3200 788 3265 Theodorus
821 3199 906 3264 dicit
930 3217 951 3264 a
979 3199 1125 3266 secunda
1156 3200 1301 3266 Thomna

75 3303 145 3389 (vel
171 3325 192 3372 a
214 3305 391 3373 Dominica
418 3308 453 3373 in
478 3303 579 3387 albis)
607 3306 693 3372 feria
716 3305 764 3372 IV
787 3310 822 3371 et
845 3305 893 3372 VI
916 3323 992 3372 esse
1016 3306 1258 3372 abstinentiam
1282 3327 1302 3372 a

74 3432 179 3478 carne
204 3419 238 3479 et
261 3431 359 3481 caseo
385 3411 425 3497 1);
451 3413 571 3480 deinde
599 3413 654 3479 die
679 3413 922 3495 Apostolorum,
941 3411 1081 3496 sipssforte
1109 3413 1238 3479 incidat
1266 3414 1302 3479 in

74 3521 199 3586 feriam
223 3521 270 3586 IV
284 3521 338 3588 vel
355 3521 411 3604 VI,
427 3520 603 3587 monachos
621 3539 685 3586 non
705 3518 755 3585 uti
772 3537 872 3585 carno
888 3520 942 3587 vel
966 3517 1109 3603 casea2)
1132 3521 1184 3586 De
1211 3525 1302 3603 tyro-

74 3627 225 3710 phagiae
255 3635 365 3694 autem
389 3623 600 3694 'hebdomada
625 3626 674 3692 sic
697 3624 849 3709 hauoth:
892 3627 996 3708 „Nam
1019 3626 1054 3690 in
1078 3627 1301 3710 tyrophagiae

72 3733 286 3800 hebdomada
319 3735 445 3802 idcirco
476 3732 577 3803 vetiti
609 3752 732 3816 snmus
767 3738 804 3798 ut
835 3750 897 3816 ego
928 3733 1084 3817 arbitror,
1119 3749 1140 3798 a
1172 3733 1300 3799 sanctis

73 3839 232 3923 patribus
261 3859 361 3908 carne
389 3841 482 3910 vesci
506 3841 560 3909 vel
592 3841 633 3906 ob
663 3840 841 3906 monastici
870 3837 997 3905 ordinis
1026 3839 1219 3905 memoriam
1246 3840 1301 3908 vel

73 3950 117 4014 ob
134 3954 250 4032 typum
266 3967 372 4017 nouae
391 3967 557 4032 puraeque
573 3949 666 4016 vitae
690 3943 942 4013 exhibendum.“
977 3945 1179 4029 supponitur
1194 3944 1300 4030 igitur

73 4056 255 4122 monachos
289 4055 484 4138 quibusdam
517 4056 634 4122 diebus
658 4055 713 4123 vel
737 4054 942 4136 temporibus
976 4052 1054 4120 anni
1088 4071 1188 4118 carne
1221 4071 1299 4119 usos

73 4181 173 4244 esse;
203 4181 261 4228 cur
285 4164 373 4230 enim
395 4163 587 4231 Theodorus
611 4163 735 4229 totiens
759 4165 921 4245 notasset,
949 4161 1068 4242 quibus
1092 4161 1210 4228 diebus
1233 4179 1300 4226 mo·

72 4269 195 4336 nachis
220 4289 299 4336 usus
324 4270 437 4337 carnis
461 4271 603 4337 illicitus
627 4273 732 4345 esset,
763 4270 791 4334 si
815 4285 915 4334 carne
938 4267 1032 4334 vesci
1055 4267 1139 4350 ipsis
1162 4285 1299 4349 prorsus

72 4396 143 4443 non
166 4375 345 4444 licuisset?

72 4539 289 4548 ----———-·--.-

167 4624 189 4694 1)
209 4623 312 4693 Mignc,
332 4623 349 4678 l.
370 4641 401 4689 ο,
422 4623 472 4677 col.
494 4625 569 4682 1700.

166 4730 189 4800 2)
208 4729 285 4796 ibid,
306 4729 357 4785 col.
379 4730 459 4798 1701;
479 4730 530 4785 ool.
551 4732 626 4784 1700.
