3212 5264
677 329 713 392 21

78 541 258 608 consilium
276 548 389 624 petere
401 543 568 609 debebant
580 546 622 608 ab
639 544 683 608 iis
698 544 904 627 hegumenis,
919 562 1053 624 quorum
1067 543 1194 609 subditi
1206 548 1307 610 antea

77 655 189 715 erant.
205 648 324 731 Sicque
335 649 665 732 Nicolaohegumeuo
675 651 778 716 electo
789 649 979 715 Theodorus
990 646 1201 734 praecipita:
1238 649 1306 732 „Ne

79 755 223 821 deseras
248 774 385 838 gregem
410 761 511 838 tuum,
535 761 572 822 ut
596 757 637 822 ad
662 758 804 822 alterum
827 762 982 821 transeas
1003 756 1058 824 vel
1082 756 1123 820 ad
1148 755 1306 820 maiorem

78 862 286 944 dignitatem
310 863 514 928 conscendas
539 863 611 928 sine
629 864 736 946 patris
754 863 804 928 tui
821 860 991 929 arbitrio.“
1028 861 1179 942 Denique
1195 871 1307 927 monet

77 970 202 1053 ipsum,
226 988 267 1034 ne
291 970 457 1035 ullatenus
482 971 645 1052 immutet,
669 989 766 1050 quarn
791 970 997 1052 aspirituali
1021 969 1223 1036 monasterio
1248 987 1306 1033 suo

79 1077 254 1159 acceperit
292 1077 432 1142 formam
472 1082 506 1142 et
542 1078 708 1160 regulam,
747 1096 831 1144 neve
859 1076 1133 1160 transgrediatur
1171 1075 1306 1158 regulas

78 1184 241 1266 legesque
266 1184 376 1249 sancti
399 1184 529 1249 Basilii.
538 1181 563 1262 2)

80 1376 109 1476 g
142 1381 180 1458 5.
232 1379 294 1459 lle
328 1376 648 1461 additamentis
686 1400 721 1458 s.
756 1377 979 1462 'lheodori
1013 1377 1212 1462 studitae
1250 1376 1309 1457 ad

453 1503 646 1601 Regulus
674 1501 942 1585 Basilianas.

173 1647 213 1710 In
239 1647 379 1728 Regulis
414 1647 608 1725 Basilianis,
643 1647 854 1712 desideratur
885 1647 964 1712 ordo
999 1645 1100 1711 officii
1137 1643 1243 1713 divini
1275 1649 1309 1710 et

84 1751 283 1818 ieiuniorum
322 1753 616 1836 observandorum;
657 1772 740 1834 quae
777 1754 916 1820 lacunae
954 1751 1130 1818 aBasilio
1169 1752 1309 1817 relictae

85 1861 217 1924 demum
252 1879 271 1924 a
304 1861 473 1926 Theodoro
513 1861 646 1926 studita
685 1861 836 1942 expletae
881 1864 966 1926 sunt.
1005 1859 1130 1925 Exstat
1169 1858 1309 1939 denique

84 1967 250 2032 Theodori
285 1967 487 2051 opusculum,
522 1965 556 2032 in
590 1986 651 2047 quo
681 1986 806 2050 poenae
835 1966 1101 2049 monasteriales,
1126 1965 1309 2045 dequibus

83 2071 236 2139 Basilius
260 2075 486 2140 tantummodo
510 2075 618 2140 obiter
643 2074 814 2157 disseruit,
838 2093 879 2139 ex
910 2073 1058 2156 professo
1087 2074 1309 2138 illustrantur.

279 2237 317 2300 A.
349 2237 406 2300 De
434 2235 604 2300 ieiuniis
632 2235 868 2301 monasterii
898 2234 1113 2300 Studitani.
1198 2280 1201 2287 -

174 2360 335 2428 Pervenit
368 2360 409 2425 ad
441 2379 501 2425 nos
525 2359 690 2425 Theodori
723 2359 911 2425 catechesis
945 2357 1144 2443 chronica3),
1179 2359 1213 2424 in
1247 2377 1311 2438 qua

85 2468 214 2533 ieiunia
229 2486 288 2549 per
305 2487 426 2533 annum
443 2466 653 2534 observanda
669 2473 885 2547 exponuntur.
909 2465 1053 2547 Quorum
1069 2465 1147 2530 ordo
1167 2471 1221 2530 ast
1236 2464 1309 2530 hic:

177 2594 205 2656 1.
228 2592 343 2658 Totius
376 2593 455 2657 anni
486 2592 574 2657 feria
597 2596 717 2671 quarta
741 2596 776 2655 et
800 2596 896 2656 sexta
926 2589 1077 2655 monachi
1102 2589 1253 2654 ieiunant
1276 2593 1311 2654 et

84 2701 260 2768 abstinent
285 2718 392 2781 caseo,
415 2699 565 2781 piscibus
590 2705 624 2764 et
648 2698 728 2764 oleo.
769 2697 894 2779 Quodsi
917 2696 1003 2763 forte
1027 2696 1116 2762 festa
1132 2696 1310 2779 Deiparae,

83 2825 203 2888 nempe
220 2807 292 2872 eius
310 2804 483 2874 Nativitas
500 2807 637 2886 eiusque
654 2806 688 2869 in
703 2805 860 2886 templum
877 2805 1068 2886 Ingressus,
1086 2804 1207 2869 festum
1226 2801 1310 2884 quod

82 2915 287 2998 Hypapante
311 2914 444 2995 dicitur,
467 2911 742 2978 Annuntiationis
766 2910 902 2992 insuper
925 2918 960 2976 et
983 2911 1243 2992 Assumptionis,
1276 2910 1309 2974 in

82 3021 275 3105 praedictos
309 3020 386 3086 dies·
417 3019 556 3096 ineidat,
595 3025 733 3084 utuntur
768 3019 919 3084 monachi
957 3019 1027 3084 oleo
1063 3023 1098 3083 et
1131 3017 1310 3098 psiseibus.

81 3130 214 3196 Eadem
247 3129 397 3209 exceptio
421 3128 459 3192 fit
482 3127 517 3192 in
540 3126 776 3192 Praecursoris
810 3125 993 3192 nativitate
1027 3129 1061 3190 et
1089 3124 1310 3205 apostolorum

81 3236 180 3302 Petri
210 3240 245 3301 et
268 3235 364 3300 Pauli
389 3234 489 3316 festo;
518 3233 676 3298 infestis
700 3251 780 3300 vero
808 3236 993 3314 martyrum
1022 3236 1081 3296 aut
1108 3231 1309 3314 pontificum,

81 3345 114 3409 si
128 3343 216 3409 forte
229 3346 404 3408 occurrant
416 3342 452 3406 in
464 3341 551 3406 feria
562 3341 610 3407 IV
621 3340 676 3408 vel
688 3340 745 3418 VI,
759 3337 907 3405 monachi
922 3339 1072 3420 piscibus
1085 3358 1147 3403 non
1162 3342 1309 3403 utuntur.

176 3451 206 3514 2.
229 3451 412 3515 Praeterea
437 3448 612 3529 sequentia
635 3447 763 3513 ieiunia
786 3465 846 3528 per
870 3463 990 3510 annum
1013 3444 1105 3510 fiunt.

133 3554 168 3639 a)
192 3557 280 3622 Ante
325 3555 549 3623 Nativitatem
596 3555 724 3619 Christi
775 3555 973 3619 observatur
1020 3549 1311 3633 quadragesimale

193 3664 368 3744 ieiunium3
396 3681 514 3743 nempe
538 3663 572 3726 in
596 3661 802 3726 hebdomada
829 3661 938 3726 tribus
969 3659 1097 3733 diebus
1129 3656 1312 3722 latoria

194 3771 347 3854 secunda,
361 3775 489 3852 quarta,
510 3773 615 3852 sexta,
633 3769 780 3835 cavendo
794 3787 812 3832 a
825 3767 975 3848 piscibus
989 3766 1122 3846 oleoque
1134 3765 1310 3830 ieiunatur.

192 3878 231 3943 In
246 3878 425 3960 pervigilio
442 3895 568 3957 quoquo
579 3875 782 3942 Natiuitatis
795 3873 923 3940 Christi
939 3873 1108 3938 ieiunatur
1126 3871 1309 3953 apiscibus

192 3990 227 4052 et
250 3986 330 4070 oleo,
363 3990 501 4067 excepto
533 3985 678 4049 Sabbato
712 4000 751 4046 ae
780 3981 834 4046 die
858 3981 1045 4058 Dominico;
1079 3979 1166 4044 festo
1198 3981 1312 4043 tamen

177 4199 201 4267 ¹)
220 4196 296 4250 Libri
314 4195 328 4248 l
348 4194 428 4264 epist.
449 4195 494 4250 10:
515 4193 549 4246 oo
568 4194 729 4263 καταλείψεις
746 4197 775 4245 τὸ
787 4193 897 4259 ποίμνιόν
915 4209 959 4243 σου
971 4195 1016 4243 καί
1028 4187 1063 4253 εἰς
1076 4191 1156 4256 ἕτερον
1169 4188 1310 4260 μεταβήσῃ,

80 4289 102 4360 ἢ
121 4292 185 4354 πρὸς
204 4286 303 4354 μείζονα
322 4285 394 4346 ἀξίαν
411 4287 606 4350 ἑπαναδράμας,
626 4281 683 4335 ἄνευ
701 4290 830 4353 πατρικῆς
847 4300 891 4334 σου
909 4280 1072 4352 διαγνώσεως.
1104 4277 1218 4348 (iligna,
1240 4277 1257 4331 l.
1278 4293 1310 4341 c.‚

81 4379 136 4430 col.
157 4376 228 4444 941.)

175 4483 199 4552 2)
218 4482 301 4538 ibid:
330 4479 365 4534 Ol
393 4481 536 4543 διαλλάξεις
559 4477 601 4533 οὖν
623 4479 696 4545 ὅνπερ
718 4479 862 4548 παρέλαβες
883 4479 959 4530 τύπον
985 4481 1031 4528 καί
1053 4476 1148 4528 κανόνα
1170 4478 1242 4541 παρὰ
1263 4481 1311 4546 τῆς

81 4580 256 4645 πνευματικῆς
272 4590 316 4624 σου
336 4578 416 4642 μονῆς
433 4573 459 4622 ἐν
478 4570 569 4622 ἅπασιν
588 4568 645 4621 ἄνευ
663 4572 789 4639 ἀνάγκης.
829 4567 868 4621 cf.
889 4581 953 4635 pag.
973 4568 990 4618 8
1009 4570 1065 4619 not.
1085 4566 1109 4618 3.
1164 4629 1166 4633 v

175 4681 197 4750 ³)
217 4677 319 4746 lligne,
340 4694 360 4734 s,
381 4693 422 4744 gr.
443 4682 462 4731 t.
482 4679 524 4742 99,
544 4692 608 4744 pag.
629 4676 698 4730 1693
718 4688 793 4741 seqq.
