3212 5264
873 286 909 351 2.

271 499 319 568 Ci.
337 501 460 585 Migne,
475 501 495 567 l.
515 521 553 576 c,
572 502 630 568 ool.
656 503 718 566 113
742 507 809 568 not.
829 503 857 564 1.
874 502 921 569 Cf.
938 520 1065 584 quoque
1081 502 1236 585 Thomas,
1260 501 1410 567 'lbeodor
1433 520 1500 568 von

271 608 410 674 Studion
435 610 500 674 und
525 607 598 675 sein
622 609 795 692 Zeitalter,
819 609 1027 693 Osnabrbok‚
1054 609 1150 692 1892,
1173 627 1249 691 pag.
1275 609 1317 670 22
1342 626 1409 689 seq.

361 715 548 780 Notandum
573 721 683 781 autern
709 723 763 782 est
786 716 879 798 illud,
903 716 987 797 quod
1012 733 1062 798 ea,
1086 734 1170 796 quae
1194 715 1229 780 in
1253 721 1394 797 utraque
1417 713 1500 780 Vita

273 841 344 886 cunr
364 821 404 887 de
421 823 510 905 aliis,
533 828 603 888 tum
621 823 662 889 de
686 823 883 888 monasticis
908 825 1008 888 rebus
1031 828 1172 888 narrata
1196 825 1284 904 sunt,
1306 821 1406 904 plane
1423 839 1498 887 con-

271 934 395 1011 gruunt
430 948 503 994 cnm
532 929 587 1013 ile,
622 948 706 1011 quae
729 930 764 996 in
788 929 942 1012 epistolis
967 929 1111 1010 aliisque
1142 928 1310 1011 opusculis
1334 928 1498 994 Theodori

270 1034 471 1102 indubitatis
486 1023 715 1119 'reperiuntur3
738 1055 857 1118 exque
874 1036 1057 1120 conficitur,
1074 1041 1111 1102 ut
1127 1035 1350 1118 scriptoribus
1366 1035 1499 1102 illarum

270 1141 408 1208 duarum
432 1143 587 1209 Vitarum
610 1143 692 1209 fides
716 1143 875 1227 abrogari
899 1163 963 1210 non
986 1143 1104 1226 possit.

426 1337 457 1442 ξ
485 1339 523 1421 2.
560 1339 623 1420 lle
651 1336 747 1420 uita
775 1358 809 1422 s.
837 1337 1062 1420 Theodori
1090 1337 1304 1423 studitae.
1316 1334 1346 1438 ¹)

359 1481 454 1548 Anno
490 1482 618 1549 Christi
655 1483 716 1546 759
756 1488 855 1548 natus
893 1488 947 1549 est
980 1481 1171 1550 Theodorus
1211 1479 1499 1564 Constantinopoli

270 1589 437 1654 nobilibus
472 1606 511 1655 ao
544 1589 611 1671 piis
643 1589 854 1673 parentibus,
892 1590 1035 1656 Photino
1071 1589 1240 1673 regiorum
1280 1588 1499 1670 vectigalium

271 1701 447 1776 quaestore
481 1701 516 1762 et
543 1696 753 1773 Themista,
788 1695 992 1778 imperatore
1026 1695 1244 1762 Constantino
1281 1695 1498 1778 Copronymo‚

271 1804 327 1884 qui
350 1803 496 1869 maxima
520 1803 719 1869 crudelitate
747 1803 781 1868 in
810 1805 987 1870 monachos
1016 1809 1051 1870 et
1080 1821 1195 1868 sacras
1224 1802 1390 1886 imagines
1426 1819 1501 1867 sae-

269 1907 427 1991 viebat.²)
472 1910 570 1977 Irene
599 1917 710 1977 autem
735 1928 845 1976 rerum
875 1909 983 1994 potita
1011 1910 1186 1978 revocavit
1213 1910 1405 1988 monachos,
1443 1909 1501 1990 qui

273 2023 408 2099 propter
439 2016 664 2083 defensionem
688 2018 798 2083 cultus
822 2017 1007 2100 imaginum
1038 2036 1209 2083 sacrarum
1237 2017 1273 2082 in
1300 2015 1412 2082 exiliis
1441 2021 1502 2082 ant

271 2124 462 2189 carceribus
493 2126 727 2191 versabantur.
761 2125 816 2190 Ita
853 2123 978 2190 factum
1008 2131 1081 2208 est,
1117 2129 1154 2190 ut
1188 2128 1223 2190 et
1260 2124 1372 2207 Plato,
1413 2123 1501 2189 cele·

273 2231 438 2296 berrimus
468 2231 741 2314 archimandrita,
765 2231 929 2299 Theodori
961 2232 1154 2310 avunculus,
1179 2231 1501 2313 Constantinopolim

269 2338 411 2416 veniret,
441 2338 499 2404 ubi
532 2357 605 2404 cum
640 2339 735 2423 elios,
763 2343 834 2405 tum
863 2339 1041 2422 praecipue
1069 2339 1276 2405 Theodorum
1308 2338 1499 2404 litterarum

270 2445 415 2510 omnium
443 2445 566 2511 studiis
594 2447 760 2512 excultum
789 2465 862 2511 cnm
893 2447 965 2512 eius
996 2447 1156 2514 universa
1190 2445 1320 2512 familia
1355 2445 1396 2511 ad
1431 2463 1501 2511 mo-

269 2552 435 2618 nasticam
478 2553 585 2620 vitum
625 2553 818 2621 concitavit.
884 2552 1089 2620 Saccudione
1128 2557 1254 2636 autem,
1300 2552 1357 2633 qui
1406 2551 1500 2619 locus

271 2664 345 2725 erat
379 2659 529 2725 familiae
562 2659 727 2726 Theodori
765 2659 936 2743 proprius,
971 2660 1188 2726 fundamenta
1221 2659 1373 2726 iecerunt
1405 2659 1500 2728 uitae

271 2766 476 2832 monasticae
516 2767 577 2832 sub
616 2766 781 2849 regimine
820 2765 912 2838 illius
954 2765 1151 2851 Platonis.³)
1218 2765 1271 2832 Ibi
1306 2765 1499 2832 tirocinium

271 2891 378 2957 agens
413 2873 604 2940 Theodorus
639 2874 826 2940 mirabilem
861 2873 1076 2940 alacritatem
1111 2872 1322 2954 studiumque
1356 2873 1500 2953 inquo

269 2979 408 3045 tidianis
448 2979 622 3046 exercitiis
657 2980 833 3063 praestitit
866 2980 1099 3062 vilissimaque
1145 2998 1246 3062 opera
1288 2985 1407 3062 sponte
1427 2977 1500 3046 'su-

271 3086 394 3168 seepit;
419 3105 480 3167 quo
493 3087 694 3172 factumest,
717 3092 755 3154 ut
771 3087 876 3154 ceteri
892 3086 1042 3154 monachi
1061 3085 1096 3154 in
1112 3087 1206 3154 illum
1219 3092 1257 3152 ut
1279 3087 1499 3171 archetypum

269 3193 362 3260 vitae
386 3192 592 3260 monasticae
617 3193 852 3278 spectarentl)
883 3193 959 3278 Ipse
976 3201 1088 3262 autem
1104 3211 1178 3292 cnm
1193 3193 1338 3260 omnium
1361 3199 1497 3275 patrum

270 3300 362 3380 uitas
387 3304 486 3381 atque
503 3319 673 3368 sermones
697 3303 936 3386 perlustrabat,
959 3307 1028 3368 tum
1052 3301 1251 3385 praecipuus
1268 3313 1343 3368 erat
1368 3305 1498 3367 amator

271 3411 371 3488 atque
394 3407 546 3480 imitator
575 3410 685 3476 sancti
708 3409 841 3494 Basilii,
871 3409 965 3475 cuius
990 3408 1140 3475 ascetica
1162 3407 1323 3474 instituta
1346 3408 1498 3490 aliosque

270 3513 374 3581 libros
399 3514 565 3582 meditans
588 3523 687 3598 atque
703 3516 873 3582 admirans
895 3520 1001 3581 totum
1018 3533 1054 3580 se
1071 3514 1111 3580 ad
1129 3513 1221 3580 illius
1239 3513 1497 3582 similitudinem

271 3602 437 3672 formavit.
471 3604 517 3670 Et
533 3613 690 3688 expertus
714 3605 926 3688 praescripta
942 3623 968 3670 s.
983 3603 1105 3670 Basilii
1129 3603 1163 3670 in
1179 3604 1395 3670 monasteriis
1419 3621 1497 3671 esse

270 3712 426 3794 neglecta
447 3712 546 3780 valde
570 3712 674 3779 doluit
698 3712 739 3778 de
755 3711 814 3777 illa
829 3711 940 3796 legum
959 3711 1151 3780 violatione.
1173 3711 1285 3779 Prava
1308 3710 1396 3778 enim
1420 3730 1497 3778 con·

272 3819 447 3885 suetudine
470 3817 641 3885 inductum
663 3824 746 3902 erat,
770 3823 807 3884 ut
823 3818 924 3903 servi,
947 3819 1077 3901 peeoris
1094 3835 1216 3902 greges
1241 3818 1498 3900 acquirerentur

271 3943 398 3992 necnon
422 3931 558 4007 propter
586 3925 722 3992 feminei
746 3943 845 3992 sexus
870 3925 1030 3992 animalia
1053 3925 1197 3992 ancillae
1219 3925 1254 3991 in
1279 3925 1496 3992 monasteriis

364 4153 387 4220 ¹)
407 4151 577 4220 Opusculnm
594 4151 738 4221 „Thomas
758 4152 885 4209 Theodor
897 4167 952 4208 von
965 4153 1080 4208 Studien
1093 4151 1150 4208 und
1162 4151 1223 4208 sein
1236 4151 1400 4218 Zeitalter“,
1420 4152 1496 4221 qnod

274 4241 329 4296 iam
357 4240 386 4294 in
415 4240 599 4296 antecedente
618 4241 634 4312 ὅ
653 4241 935 4308 commemoravimus,
954 4241 1025 4296 nihil
1053 4243 1112 4298 iere
1140 4247 1234 4298 nostro
1258 4249 1352 4314 soopop
1370 4241 1496 4312 prodest,

270 4330 335 4402 quia
360 4339 458 4384 auctor
481 4329 621 4384 Theodori
649 4331 758 4400 merita,
786 4345 858 4400 quae
885 4330 922 4385 ad
949 4331 1176 4386 relormationern
1205 4330 1330 4386 instituti
1354 4329 1496 4386 Basiliani

270 4419 420 4488 pertinent,
440 4434 537 4488 pamm
556 4419 681 4490 respicit.

360 4507 384 4577 Ι)
403 4507 470 4562 Vita
489 4509 514 4564 ll
535 4523 595 4580 cap.
614 4509 640 4565 2.

359 4597 382 4670 θ)
401 4597 471 4652 lbid.
490 4613 550 4668 oup.
568 4601 587 4654 4
605 4603 634 4654 et
652 4600 677 4654 5.

357 4685 382 4762 ⁴)
402 4686 472 4744 ibid.
492 4703 552 4759 cap.
571 4690 649 4746 6-8.
