3212 5264
882 309 923 373 16

290 522 505 604 reliquerunt.
562 522 698 588 Accidit
732 541 873 608 quoque,
917 528 955 589 ut
989 523 1152 616 eiusmodi
1186 522 1339 588 monachi
1373 521 1516 605 fugitivi

291 629 326 695 in
366 630 444 695 aliis
483 630 699 716 monasteriis
738 629 981 712 reciperentur3
1021 630 1105 712 quod
1144 629 1277 711 quidem
1315 628 1520 710 disciplinae

292 736 411 802 artiori
442 739 592 803 nocebat.
638 735 846 819 Quapropter
869 737 1061 804 Theodorus
1084 736 1183 804 valde
1213 736 1361 818 castigat
1386 740 1421 801 et
1447 755 1519 802 mo-

290 845 414 909 nachos
444 848 618 925 apostatas
641 848 675 908 et
699 843 912 927 hegumenos,
941 843 994 924 qui
1021 843 1185 909 eiusmodi
1208 843 1370 926 fugitivos
1394 842 1429 907 in
1453 860 1519 908 sua

292 951 499 1016 monasteria
529 950 706 1031 recipiunt.
753 951 870 1031 Sioque
906 951 1028 1016 scribit
1050 949 1184 1033 ignatio
1214 950 1400 1032 hegumeno
1430 948 1519 1032 fugi·

291 1057 398 1124 tivum
414 1057 607 1122 monachum
624 1061 779 1138 repetens
793 1055 832 1141 1):
860 1055 1070 1140 „Rationalis
1087 1057 1160 1124 ovis
1176 1062 1302 1140 nostra,
1326 1055 1433 1122 irater
1447 1056 1519 1138 ille,

292 1163 473 1246 multiplici
512 1164 698 1229 animarum
736 1165 988 1247 interemptoris
1027 1164 1096 1246 lupi
1135 1162 1252 1230 fraude
1290 1163 1434 1246 illectus,
1474 1165 1518 1228 ab

290 1271 409 1335 humili
432 1270 514 1337 ovili
536 1275 651 1336 nostro
675 1271 802 1337 eiectus
820 1275 873 1337 est
895 1277 1146 1355 susceptusque,
1170 1276 1207 1336 ut
1231 1271 1455 1355 cognovimns,
1481 1270 1517 1336 in

291 1379 495 1442 monasterio
521 1377 715 1443 sanctitatis
739 1383 818 1443 tuae
841 1425 937 1442 .....
966 1379 1060 1444 Nunc
1083 1396 1163 1445 vero
1186 1383 1360 1460 postquam
1385 1382 1518 1443 tantum

292 1484 452 1566 temporis
478 1483 608 1550 effluxit
631 1489 665 1549 et
688 1485 779 1550 nulla
802 1485 931 1550 reditus
957 1486 1091 1565 mentio,
1116 1486 1310 1569 interogare
1334 1485 1429 1568 libet,
1453 1503 1518 1565 quo

291 1597 389 1673 pacto
413 1589 614 1674 discipulum
638 1609 745 1658 meum
771 1592 880 1674 pietas
905 1597 964 1658 tua
988 1592 1042 1660 vel
1065 1592 1186 1676 ignara
1209 1591 1366 1658 retineat.
1413 1591 1517 1672 Atqui

292 1699 476 1780 oportebat,
501 1703 538 1764 ut
553 1699 696 1779 primum
720 1699 868 1782 agnovit,
894 1717 990 1780 quem
1013 1719 1077 1765 non
1101 1699 1301 1782 totonderat,
1326 1698 1514 1764 dimittere:

292 1810 330 1869 ut
353 1823 437 1885 quae
467 1805 553 1870 satis
584 1805 759 1889 intelligit,
788 1813 945 1886 quantum
975 1807 1010 1871 id
1040 1807 1164 1872 habeat
1194 1804 1399 1872 detrimenti.
1446 1805 1520 1871 Scit

293 1912 392 1988 enim,
429 1911 506 1992 quid
541 1913 673 1978 sanciat
708 1911 842 1980 divinus
880 1931 1085 1996 magnusque
1114 1913 1274 1994 Basilius,
1310 1918 1347 1979 ut
1375 1931 1396 1978 a
1426 1912 1521 1977 nulla

293 2018 511 2084 fraternitate
535 2020 728 2100 recipiatur,
754 2020 808 2100 qui
833 2020 1013 2086 afratrum
1038 2039 1169 2087 suorum
1194 2019 1410 2086 contubernio
1434 2019 1520 2084 resi·

292 2125 379 2192 livit.
418 2124 582 2208 Quomodo
606 2126 695 2192 enim
711 2127 896 2193 consistere
919 2127 1051 2209 possint
1067 2126 1235 2210 coenobia,
1259 2127 1327 2192 nisi
1341 2127 1403 2192 hoc
1418 2132 1521 2208 capnt

293 2251 374 2314 prae
403 2233 554 2298 omnibus
588 2232 826 2300 observetur?“
875 2235 1036 2316 Populum
1071 2241 1183 2300 autem
1206 2235 1518 2312 Antisarchensem,

292 2338 328 2404 in
361 2339 455 2405 cuius
490 2339 609 2406 finibus
638 2341 830 2406 Marcianus
866 2342 1045 2407 monachus
1083 2345 1238 2425 apostata
1274 2342 1520 2408 monasterium

293 2447 452 2530 extruxit,
469 2452 606 2514 revocat
620 2447 811 2514 Theodorus
819 2446 844 2532 2)
862 2449 903 2512 ad
921 2467 1077 2514 canones:
1105 2449 1316 2532 ,Marcianus
1333 2448 1519 2530 discipulus

292 2557 417 2632 noster,
448 2553 551 2619 donec
581 2554 623 2620 ad
653 2555 892 2620 monasterium
923 2574 1018 2621 suum
1048 2555 1174 2640 redeat,
1203 2556 1324 2636 ¹inquo
1348 2555 1520 2622 renuntia·

293 2659 396 2725 tionis
421 2679 502 2726 suae
524 2666 625 2743 pacta
647 2662 718 2728 Deo
746 2666 836 2728 teste
859 2662 999 2745 pepigit,
1031 2662 1160 2744 ligatus
1185 2661 1428 2744 damnatusque
1451 2680 1520 2728 ma-

293 2767 388 2833 nebit
411 2771 446 2833 et
478 2769 713 2847 communione,
750 2769 845 2835 iuxta
877 2769 1010 2836 divinos
1046 2787 1198 2852 canonas,
1232 2769 1401 2852 indignus.
1446 2769 1520 2835 Non

294 2874 382 2938 enim
415 2892 436 2938 a
467 2874 563 2941 nobis
599 2875 769 2940 intentata
803 2880 838 2942 et
872 2876 1094 2961 comminatio,
1134 2877 1237 2942 seda
1271 2875 1425 2960 patribus
1453 2876 1521 2942 Dei

294 2979 422 3062 Spiritu
446 2979 583 3046 afflatis.
629 2982 738 3048 Huius
763 3000 843 3064 ergo
868 2982 1011 3048 salutem
1036 2983 1066 3049 si
1090 2984 1224 3064 amatis,
1259 2983 1452 3067 hortamini,
1482 2989 1520 3048 nt

295 3086 337 3151 ad
361 3105 422 3154 sua
444 3085 592 3154 redeat.“

384 3335 405 3401 1)
425 3333 502 3388 Libri
520 3335 534 3388 I
554 3334 636 3403 epist.
656 3337 702 3390 14:
836 3335 967 3408 Πρόβατον
998 3337 1073 3412 ἡμῶν
1100 3337 1202 3410 λογικὸν
1228 3337 1242 3391 ὁ
1268 3341 1335 3392 δεῖνα
1362 3338 1376 3392 θ
1403 3339 1520 3410 ἀδελφὸς,

293 3420 440 3487 alebatur
457 3422 503 3476 ὑπὸ
520 3431 568 3496 τῆς
586 3424 760 3496 πολυμεθὸθου
777 3432 927 3499 πανουργίας
949 3435 991 3480 τοῦ
1014 3429 1177 3500 ψυχοφθόρου
1201 3428 1288 3490 λύκου,
1312 3428 1449 3502 ἀιαξεώθη
1470 3436 1521 3501 τῆς

293 3520 412 3584 ταπεινῆς
429 3511 504 3584 ἡμῶν
521 3518 635 3585 ποίμνης,
658 3519 713 3578 καί,
736 3515 771 3580 ὡς
794 3513 914 3587 ἔγνωσται
928 3517 997 3590 ἡμῖν,
1025 3518 1184 3590 προσεδίχθη
1203 3517 1228 3571 ὲν
1249 3525 1282 3589 τῇ
1300 3525 1365 3590 μονῇ
1382 3525 1430 3592 τῆς
1452 3517 1521 3572 ὁσιό-

293 3601 370 3674 τητος
393 3619 437 3655 σου
469 3643 564 3659 ......
597 3603 667 3657 Ἐπεί
686 3606 712 3657 δὲ
730 3612 845 3670 τοσοῦτος
862 3607 951 3678 χρόνος
974 3611 1129 3674 παρίππευσε,
1153 3612 1199 3660 καί
1221 3605 1370 3680 οὐδαμοῦὴ
1393 3609 1520 3672 ανάλυσις.

294 3690 458 3764 ἐρωτηθῆναι
476 3692 607 3761 βούλομαι,
626 3698 688 3764 ποίῳ
705 3695 787 3766 τρόπῳ
805 3700 847 3748 τὸν
869 3695 994 3768 μαθητὴν
1017 3714 1064 3762 μου
1083 3695 1209 3764 θπικρασεῖ
1226 3697 1246 3769 ἡ
1265 3697 1397 3768 θεοφίλειά
1413 3714 1466 3759 σου,
1485 3697 1521 3761 ὡς

294 3783 427 3852 ἀγνοοῦσα,
464 3782 540 3834 Ἀλλ’
564 3780 612 3835 ἔδει
636 3783 687 3850 μετ’
715 3782 876 3855 ἐπιγνώσεως,
894 3783 922 3838 θν
940 3784 987 3838 οὐκ
1006 3786 1140 3853 ἀπέκειρεν,
1160 3787 1369 3857 ἀποπέμψασθαι·
1393 3785 1428 3850 ὡς
1445 3787 1521 3858 γινώ-

294 3887 389 3923 σκουσα
400 3871 463 3922 πολὺ
481 3875 509 3923 τὸ
527 3869 666 3942 θπιβλαβὲς.
687 3871 832 3927 Ἐπίσταται
850 3877 899 3945 γὰρ
917 3873 940 3927 αἱ
957 3876 1087 3942 νομοθετεῖ
1104 3875 1117 3928 ὁ
1136 3876 1206 3940 θεῖος
1224 3880 1269 3928 καί
1287 3877 1367 3949 pol-sag
1380 3874 1520 3940 Βασίλειος,

293 3967 336 4014 τοῦ
355 3960 521 4028 ἀπρὸσαεκοον
538 3955 600 4014 εἶναι
618 3961 643 4014 ἐν
660 3966 752 4027 πάσαις
769 3969 825 4027 ταῖς
843 3964 1003 4036 ἀθελιρόιησι,
1027 3969 1068 4017 τὸν
1087 3968 1259 4036 ἀποπηδῶντα
1280 3972 1329 4038 τῆς
1351 3973 1401 4019 τῶν
1422 3963 1521 4018 οίναίων

294 4049 410 4121 ἀδελφῶν
427 4055 567 4122 συναφείας.
605 4050 665 4115 Πῶς
683 4055 732 4122 γὰρ
750 4053 781 4106 ἂν
798 4057 843 4105 καί
867 4058 1020 4125 αυσταίησαν
1041 4057 1074 4106 τὰ
1097 4054 1218 4124 κοινὸβια,
1242 4053 1264 4108 εί
1288 4055 1325 4128 μὴ
1343 4062 1415 4108 codun
1436 4073 1520 4122 παρα-

293 4141 426 4212 τηρηθείη
444 4140 490 4207 πρὸ
508 4158 537 4212 γε
554 4141 652 4193 πάντων
669 4146 698 4194 τὸ
715 4143 867 4213 κεφάλαιον;
888 4143 1000 4212 (iligna,
1021 4143 1038 4199 l.
1059 4160 1089 4210 ω,
1110 4142 1160 4198 col.
1181 4147 1253 4212 956).

383 4263 405 4334 ἵ)
424 4264 502 4318 Libri
520 4265 533 4318 i
554 4265 636 4334 epist,
656 4267 702 4320 19:
731 4265 878 4334 Μαρκιανὸς
896 4266 909 4319 ὁ
928 4268 1053 4340 μαθητὴς
1071 4268 1146 4340 ἡμῶν
1164 4269 1213 4333 ἕως
1230 4269 1262 4322 ἂν
1280 4268 1419 4340 ὑποστρέψῃ
1441 4267 1467 4322 ὲν
1484 4275 1520 4340 σῷ

293 4349 378 4424 οἰκείῳ
397 4359 563 4428 μσναστηρίῳ,
582 4354 607 4408 ἐν
626 4349 647 4426 ᾧ
665 4359 710 4420 τὰς
727 4357 862 4429 συνθήκας
882 4357 956 4409 ἔθετο
974 4356 1020 4410 ὑπὸ
1039 4357 1142 4424 μάραυρι
1160 4356 1217 4430 Θεῷ
1228 4366 1277 4430 τῆς
1289 4363 1424 4431 duom-'qq
1436 4355 1519 4420 abac,

294 4440 362 4495 ἔσται
384 4443 510 4510 δεδομένος
537 4448 581 4496 καί
612 4445 827 4512 κατακεκριμίνος
850 4450 895 4498 καί
918 4445 1018 4510 ἀνάξιος
1040 4453 1088 4519 τῆς
1110 4452 1249 4510 κοινωνίας,
1272 4447 1337 4500 καθ’
1360 4444 1404 4512 otc
1426 4445 1520 4520 ἔγραψα

294 4532 487 4596 &cumben
504 4531 622 4597 κανόνας.
660 4533 696 4586 Ob
715 4537 764 4606 γὰρ
782 4533 808 4596 ἐξ
826 4534 900 4608 ἡμῶν
918 4534 1231 4609 temptassent,
1242 4537 1301 4590 ἀλλ’
1312 4535 1520 4592 ἔκθεοπνσὺστων

293 4620 421 4690 Παοίρων.
462 4620 556 4676 Τοῦτον
576 4628 654 4676 τοίνυν
674 4621 742 4691 αἴπερ
760 4627 876 4696 ἀγαπᾶτε
897 4623 1033 4688 σώζεσθαι,
1054 4625 1224 4699 νουθετῆσαι
1247 4627 1464 4702 ἀνθυπονυσπῆσαι
1484 4624 1521 4692 είς

293 4713 325 4764 τὰ
343 4707 424 4764 οἰκεῖα
470 4710 583 4780 (lligno,
604 4711 621 4766 l.
641 4727 672 4778 c,
692 4711 743 4768 col.
763 4713 836 4784 968.)
