<?xml version="1.0" encoding="UTF-8"?>
<!DOCTYPE html PUBLIC "-//W3C//DTD XHTML 1.0 Transitional//EN"
    "http://www.w3.org/TR/xhtml1/DTD/xhtml1-transitional.dtd">
<html xmlns="http://www.w3.org/1999/xhtml" xml:lang="en" lang="en">
 <head>
  <title>
</title>
<meta http-equiv="Content-Type" content="text/html;charset=utf-8" />
  <meta name='ocr-system' content='tesseract 3.04.00' />
  <meta name='ocr-capabilities' content='ocr_page ocr_carea ocr_par ocr_line ocrx_word'/>
</head>
<body>
  <div class='ocr_page' id='page_1' title='image "./destheodorostud00schigoog_0020.png"; bbox 0 0 3212 5264; ppageno 0'>
   <div class='ocr_carea' id='block_1_1' title="bbox 706 316 743 378">
    <p class='ocr_par' dir='ltr' id='par_1_1' title="bbox 706 316 743 378">
     <span class='ocr_line' id='line_1_1' title="bbox 706 316 743 378; baseline 0 0"><span class='ocrx_word' id='word_1_1' title='bbox 706 316 743 378; x_wconf 91' lang='lat'><strong>11</strong></span> 
     </span>
    </p>
   </div>
   <div class='ocr_carea' id='block_1_2' title="bbox 622 405 833 415">
    <p class='ocr_par' dir='ltr' id='par_1_2' title="bbox 622 405 833 415">
     <span class='ocr_line' id='line_1_2' title="bbox 622 405 833 415; baseline -0.005 -1"><span class='ocrx_word' id='word_1_2' title='bbox 622 405 833 415; x_wconf 46' lang='lat' dir='ltr'><strong>n——fi</strong></span> 
     </span>
    </p>
   </div>
   <div class='ocr_carea' id='block_1_3' title="bbox 109 527 1344 2860">
    <p class='ocr_par' dir='ltr' id='par_1_3' title="bbox 109 527 1344 2416">
     <span class='ocr_line' id='line_1_3' title="bbox 111 527 1342 615; baseline -0.003 -17"><span class='ocrx_word' id='word_1_3' title='bbox 111 533 178 615; x_wconf 88' lang='lat' dir='ltr'><strong>(sc.</strong></span> <span class='ocrx_word' id='word_1_4' title='bbox 195 528 314 615; x_wconf 88' lang='lat' dir='ltr'><strong>pueri),</strong></span> <span class='ocrx_word' id='word_1_5' title='bbox 337 531 398 598; x_wconf 93' lang='lat' dir='ltr'><strong>hoc</strong></span> <span class='ocrx_word' id='word_1_6' title='bbox 422 535 476 597; x_wconf 91' lang='lat' dir='ltr'><strong>est</strong></span> <span class='ocrx_word' id='word_1_7' title='bbox 499 532 542 596; x_wconf 85' lang='lat' dir='ltr'><strong>ab</strong></span> <span class='ocrx_word' id='word_1_8' title='bbox 565 549 650 598; x_wconf 91' lang='lat' dir='ltr'><strong>anno</strong></span> <span class='ocrx_word' id='word_1_9' title='bbox 674 527 800 598; x_wconf 87' lang='lat' dir='ltr'><strong>aetatis</strong></span> <span class='ocrx_word' id='word_1_10' title='bbox 824 529 952 596; x_wconf 90' lang='lat' dir='ltr'><strong>decimo</strong></span> <span class='ocrx_word' id='word_1_11' title='bbox 976 533 1070 596; x_wconf 84' lang='lat' dir='ltr'><strong>sexto</strong></span> <span class='ocrx_word' id='word_1_12' title='bbox 1090 533 1125 596; x_wconf 89' lang='lat' dir='ltr'><strong>ot</strong></span> <span class='ocrx_word' id='word_1_13' title='bbox 1141 529 1240 614; x_wconf 87' lang='lat' dir='ltr'><strong>ultra,</strong></span> <span class='ocrx_word' id='word_1_14' title='bbox 1262 532 1342 594; x_wconf 85' lang='lat' dir='ltr'><strong>tunc</strong></span> 
     </span>
     <span class='ocr_line' id='line_1_4' title="bbox 113 631 1343 720; baseline -0.003 -16"><span class='ocrx_word' id='word_1_15' title='bbox 113 659 189 705; x_wconf 93' lang='lat' dir='ltr'><strong>cum</strong></span> <span class='ocrx_word' id='word_1_16' title='bbox 214 644 250 706; x_wconf 88' lang='lat' dir='ltr'><strong>et</strong></span> <span class='ocrx_word' id='word_1_17' title='bbox 272 639 412 705; x_wconf 90' lang='lat' dir='ltr'><strong>honores</strong></span> <span class='ocrx_word' id='word_1_18' title='bbox 436 641 472 705; x_wconf 89' lang='lat' dir='ltr'><strong>et</strong></span> <span class='ocrx_word' id='word_1_19' title='bbox 496 656 620 720; x_wconf 88' lang='lat' dir='ltr'><strong>poenae</strong></span> <span class='ocrx_word' id='word_1_20' title='bbox 643 637 751 704; x_wconf 88' lang='lat' dir='ltr'><strong>locum</strong></span> <span class='ocrx_word' id='word_1_21' title='bbox 774 637 909 720; x_wconf 89' lang='lat' dir='ltr'><strong>habent,</strong></span> <span class='ocrx_word' id='word_1_22' title='bbox 938 640 976 702; x_wconf 89' lang='lat' dir='ltr'><strong>ut</strong></span> <span class='ocrx_word' id='word_1_23' title='bbox 999 636 1072 718; x_wconf 89' lang='lat' dir='ltr'><strong>ipsa</strong></span> <span class='ocrx_word' id='word_1_24' title='bbox 1096 631 1343 717; x_wconf 71' lang='lat' dir='ltr'><strong>(scaminus)</strong></span> 
     </span>
     <span class='ocr_line' id='line_1_5' title="bbox 111 743 1342 829; baseline -0.003 -17"><span class='ocrx_word' id='word_1_25' title='bbox 111 746 176 829; x_wconf 89' lang='lat' dir='ltr'><strong>ait,</strong></span> <span class='ocrx_word' id='word_1_26' title='bbox 205 746 246 812; x_wconf 90' lang='lat' dir='ltr'><strong>de</strong></span> <span class='ocrx_word' id='word_1_27' title='bbox 274 745 344 812; x_wconf 91' lang='lat' dir='ltr'><strong>illis</strong></span> <span class='ocrx_word' id='word_1_28' title='bbox 374 745 480 812; x_wconf 87' lang='lat' dir='ltr'><strong>statui</strong></span> <span class='ocrx_word' id='word_1_29' title='bbox 508 750 543 811; x_wconf 87' lang='lat' dir='ltr'><strong>ot</strong></span> <span class='ocrx_word' id='word_1_30' title='bbox 570 743 778 812; x_wconf 82' lang='lat' dir='ltr'><strong>fraternitati</strong></span> <span class='ocrx_word' id='word_1_31' title='bbox 806 744 897 826; x_wconf 90' lang='lat' dir='ltr'><strong>ipsos</strong></span> <span class='ocrx_word' id='word_1_32' title='bbox 926 760 985 826; x_wconf 94' lang='lat' dir='ltr'><strong>per</strong></span> <span class='ocrx_word' id='word_1_33' title='bbox 1016 743 1242 810; x_wconf 90' lang='lat' dir='ltr'><strong>monachicam</strong></span> <span class='ocrx_word' id='word_1_34' title='bbox 1269 759 1342 824; x_wconf 87' lang='lat' dir='ltr'><strong>per·</strong></span> 
     </span>
     <span class='ocr_line' id='line_1_6' title="bbox 111 849 1343 935; baseline -0.003 -17"><span class='ocrx_word' id='word_1_35' title='bbox 111 851 292 919; x_wconf 78' lang='lat' dir='ltr'><strong>sectionem</strong></span> <span class='ocrx_word' id='word_1_36' title='bbox 323 850 461 935; x_wconf 85' lang='lat' dir='ltr'><strong>adiungi</strong></span> <span class='ocrx_word' id='word_1_37' title='bbox 491 851 596 918; x_wconf 89' lang='lat' dir='ltr'><strong>iubet:</strong></span> <span class='ocrx_word' id='word_1_38' title='bbox 626 869 667 917; x_wconf 86' lang='lat' dir='ltr'><strong>ex</strong></span> <span class='ocrx_word' id='word_1_39' title='bbox 694 868 796 931; x_wconf 88' lang='lat' dir='ltr'><strong>eoque</strong></span> <span class='ocrx_word' id='word_1_40' title='bbox 824 855 982 932; x_wconf 90' lang='lat' dir='ltr'><strong>temporo,</strong></span> <span class='ocrx_word' id='word_1_41' title='bbox 1011 849 1042 916; x_wconf 94' lang='lat' dir='ltr'><strong>si</strong></span> <span class='ocrx_word' id='word_1_42' title='bbox 1071 867 1129 933; x_wconf 91' lang='lat' dir='ltr'><strong>per</strong></span> <span class='ocrx_word' id='word_1_43' title='bbox 1158 849 1343 931; x_wconf 90' lang='lat' dir='ltr'><strong>improbam</strong></span> 
     </span>
     <span class='ocr_line' id='line_1_7' title="bbox 111 955 1341 1040; baseline -0.002 -16"><span class='ocrx_word' id='word_1_44' title='bbox 111 959 365 1028; x_wconf 84' lang='lat' dir='ltr'><strong>conversionem</strong></span> <span class='ocrx_word' id='word_1_45' title='bbox 381 958 486 1026; x_wconf 87' lang='lat' dir='ltr'><strong>velint</strong></span> <span class='ocrx_word' id='word_1_46' title='bbox 510 958 551 1024; x_wconf 94' lang='lat' dir='ltr'><strong>ad</strong></span> <span class='ocrx_word' id='word_1_47' title='bbox 569 975 774 1024; x_wconf 86' lang='lat' dir='ltr'><strong>communem</strong></span> <span class='ocrx_word' id='word_1_48' title='bbox 788 957 896 1026; x_wconf 89' lang='lat' dir='ltr'><strong>vitam</strong></span> <span class='ocrx_word' id='word_1_49' title='bbox 912 955 1103 1040; x_wconf 75' lang='lat' dir='ltr'><strong>transferri,</strong></span> <span class='ocrx_word' id='word_1_50' title='bbox 1126 974 1188 1022; x_wconf 87' lang='lat' dir='ltr'><strong>nac</strong></span> <span class='ocrx_word' id='word_1_51' title='bbox 1204 956 1341 1022; x_wconf 89' lang='lat' dir='ltr'><strong>ianuam</strong></span> 
     </span>
     <span class='ocr_line' id='line_1_8' title="bbox 109 1061 1344 1149; baseline -0.001 -19"><span class='ocrx_word' id='word_1_52' title='bbox 109 1065 194 1149; x_wconf 89' lang='lat' dir='ltr'><strong>illis,</strong></span> <span class='ocrx_word' id='word_1_53' title='bbox 228 1065 332 1132; x_wconf 89' lang='lat' dir='ltr'><strong>etiam</strong></span> <span class='ocrx_word' id='word_1_54' title='bbox 366 1064 502 1131; x_wconf 92' lang='lat' dir='ltr'><strong>minimo</strong></span> <span class='ocrx_word' id='word_1_55' title='bbox 536 1069 613 1146; x_wconf 90' lang='lat' dir='ltr'><strong>post</strong></span> <span class='ocrx_word' id='word_1_56' title='bbox 646 1069 804 1146; x_wconf 86' lang='lat' dir='ltr'><strong>tompore,</strong></span> <span class='ocrx_word' id='word_1_57' title='bbox 841 1062 967 1144; x_wconf 91' lang='lat' dir='ltr'><strong>aperiri</strong></span> <span class='ocrx_word' id='word_1_58' title='bbox 1001 1061 1119 1141; x_wconf 86' lang='lat' dir='ltr'><strong>voluit,</strong></span> <span class='ocrx_word' id='word_1_59' title='bbox 1154 1066 1191 1128; x_wconf 87' lang='lat' dir='ltr'><strong>ut</strong></span> <span class='ocrx_word' id='word_1_60' title='bbox 1226 1061 1267 1127; x_wconf 85' lang='lat' dir='ltr'><strong>ad</strong></span> <span class='ocrx_word' id='word_1_61' title='bbox 1303 1080 1344 1129; x_wconf 88' lang='lat' dir='ltr'><strong>ea</strong></span> 
     </span>
     <span class='ocr_line' id='line_1_9' title="bbox 109 1168 1343 1254; baseline -0.002 -17"><span class='ocrx_word' id='word_1_62' title='bbox 109 1173 264 1250; x_wconf 83' lang='lat' dir='ltr'><strong>redeant,</strong></span> <span class='ocrx_word' id='word_1_63' title='bbox 297 1190 381 1254; x_wconf 85' lang='lat' dir='ltr'><strong>quae</strong></span> <span class='ocrx_word' id='word_1_64' title='bbox 414 1171 630 1252; x_wconf 88' lang='lat' dir='ltr'><strong>reliquerunt.</strong></span> <span class='ocrx_word' id='word_1_65' title='bbox 686 1170 783 1237; x_wconf 90' lang='lat' dir='ltr'><strong>Intra</strong></span> <span class='ocrx_word' id='word_1_66' title='bbox 820 1168 946 1236; x_wconf 89' lang='lat' dir='ltr'><strong>dictum</strong></span> <span class='ocrx_word' id='word_1_67' title='bbox 980 1174 1090 1236; x_wconf 88' lang='lat' dir='ltr'><strong>antem</strong></span> <span class='ocrx_word' id='word_1_68' title='bbox 1127 1187 1258 1248; x_wconf 84' lang='lat' dir='ltr'><strong>annum,</strong></span> <span class='ocrx_word' id='word_1_69' title='bbox 1287 1169 1343 1250; x_wconf 89' lang='lat' dir='ltr'><strong>qui</strong></span> 
     </span>
     <span class='ocr_line' id='line_1_10' title="bbox 110 1273 1342 1362; baseline -0.003 -16"><span class='ocrx_word' id='word_1_70' title='bbox 110 1298 179 1346; x_wconf 92' lang='lat' dir='ltr'><strong>non</strong></span> <span class='ocrx_word' id='word_1_71' title='bbox 203 1279 370 1362; x_wconf 85' lang='lat' dir='ltr'><strong>clegerint</strong></span> <span class='ocrx_word' id='word_1_72' title='bbox 392 1277 499 1345; x_wconf 90' lang='lat' dir='ltr'><strong>vitam</strong></span> <span class='ocrx_word' id='word_1_73' title='bbox 522 1277 734 1361; x_wconf 83' lang='lat' dir='ltr'><strong>virginalem,</strong></span> <span class='ocrx_word' id='word_1_74' title='bbox 764 1280 823 1343; x_wconf 89' lang='lat' dir='ltr'><strong>aut</strong></span> <span class='ocrx_word' id='word_1_75' title='bbox 846 1274 1013 1358; x_wconf 83' lang='lat' dir='ltr'><strong>elegerint</strong></span> <span class='ocrx_word' id='word_1_76' title='bbox 1041 1275 1183 1359; x_wconf 87' lang='lat' dir='ltr'><strong>quidem,</strong></span> <span class='ocrx_word' id='word_1_77' title='bbox 1212 1273 1271 1341; x_wconf 89' lang='lat' dir='ltr'><strong>sed</strong></span> <span class='ocrx_word' id='word_1_78' title='bbox 1301 1275 1342 1342; x_wconf 90' lang='lat' dir='ltr'><strong>ad</strong></span> 
     </span>
     <span class='ocr_line' id='line_1_11' title="bbox 110 1381 1343 1468; baseline -0.003 -16"><span class='ocrx_word' id='word_1_79' title='bbox 110 1385 330 1452; x_wconf 89' lang='lat' dir='ltr'><strong>monachicae</strong></span> <span class='ocrx_word' id='word_1_80' title='bbox 357 1384 451 1453; x_wconf 88' lang='lat' dir='ltr'><strong>vitae</strong></span> <span class='ocrx_word' id='word_1_81' title='bbox 479 1384 718 1468; x_wconf 80' lang='lat' dir='ltr'><strong>perfectionem</strong></span> <span class='ocrx_word' id='word_1_82' title='bbox 747 1384 852 1451; x_wconf 89' lang='lat' dir='ltr'><strong>nolint</strong></span> <span class='ocrx_word' id='word_1_83' title='bbox 878 1382 1088 1468; x_wconf 86' lang='lat' dir='ltr'><strong>contendere,</strong></span> <span class='ocrx_word' id='word_1_84' title='bbox 1121 1383 1181 1452; x_wconf 94' lang='lat' dir='ltr'><strong>hos</strong></span> <span class='ocrx_word' id='word_1_85' title='bbox 1211 1381 1343 1450; x_wconf 86' lang='lat' dir='ltr'><strong>secerni</strong></span> 
     </span>
     <span class='ocr_line' id='line_1_12' title="bbox 111 1489 1344 1575; baseline -0.002 -18"><span class='ocrx_word' id='word_1_86' title='bbox 111 1494 210 1560; x_wconf 84' lang='lat' dir='ltr'><strong>iubat</strong></span> <span class='ocrx_word' id='word_1_87' title='bbox 236 1496 272 1559; x_wconf 89' lang='lat' dir='ltr'><strong>et</strong></span> <span class='ocrx_word' id='word_1_88' title='bbox 298 1491 341 1558; x_wconf 92' lang='lat' dir='ltr'><strong>ad</strong></span> <span class='ocrx_word' id='word_1_89' title='bbox 375 1510 577 1559; x_wconf 92' lang='lat' dir='ltr'><strong>communem</strong></span> <span class='ocrx_word' id='word_1_90' title='bbox 606 1493 714 1560; x_wconf 91' lang='lat' dir='ltr'><strong>vitam</strong></span> <span class='ocrx_word' id='word_1_91' title='bbox 742 1491 926 1575; x_wconf 88' lang='lat' dir='ltr'><strong>amandari,</strong></span> <span class='ocrx_word' id='word_1_92' title='bbox 955 1510 997 1558; x_wconf 90' lang='lat' dir='ltr'><strong>ne</strong></span> <span class='ocrx_word' id='word_1_93' title='bbox 1028 1508 1146 1558; x_wconf 87' lang='lat' dir='ltr'><strong>sacrae</strong></span> <span class='ocrx_word' id='word_1_94' title='bbox 1173 1490 1267 1558; x_wconf 86' lang='lat' dir='ltr'><strong>vitae</strong></span> <span class='ocrx_word' id='word_1_95' title='bbox 1295 1489 1344 1556; x_wconf 93' lang='lat' dir='ltr'><strong>in·</strong></span> 
     </span>
     <span class='ocr_line' id='line_1_13' title="bbox 114 1595 1343 1682; baseline -0.003 -16"><span class='ocrx_word' id='word_1_96' title='bbox 114 1598 253 1666; x_wconf 88' lang='lat' dir='ltr'><strong>famiam</strong></span> <span class='ocrx_word' id='word_1_97' title='bbox 278 1596 444 1666; x_wconf 86' lang='lat' dir='ltr'><strong>inuraut“</strong></span> <span class='ocrx_word' id='word_1_98' title='bbox 492 1597 680 1664; x_wconf 83' lang='lat' dir='ltr'><strong>Mirandum</strong></span> <span class='ocrx_word' id='word_1_99' title='bbox 698 1598 827 1679; x_wconf 87' lang='lat' dir='ltr'><strong>quidem</strong></span> <span class='ocrx_word' id='word_1_100' title='bbox 844 1602 907 1682; x_wconf 87' lang='lat' dir='ltr'><strong>est,</strong></span> <span class='ocrx_word' id='word_1_101' title='bbox 931 1597 1015 1679; x_wconf 85' lang='lat' dir='ltr'><strong>quod</strong></span> <span class='ocrx_word' id='word_1_102' title='bbox 1030 1595 1221 1664; x_wconf 83' lang='lat' dir='ltr'><strong>Theodorus</strong></span> <span class='ocrx_word' id='word_1_103' title='bbox 1245 1614 1343 1663; x_wconf 90' lang='lat' dir='ltr'><strong>cano·</strong></span> 
     </span>
     <span class='ocr_line' id='line_1_14' title="bbox 113 1703 1341 1790; baseline -0.003 -18"><span class='ocrx_word' id='word_1_104' title='bbox 113 1725 191 1773; x_wconf 92' lang='lat' dir='ltr'><strong>nem</strong></span> <span class='ocrx_word' id='word_1_105' title='bbox 215 1706 259 1769; x_wconf 79' lang='lat'><strong>40</strong></span> <span class='ocrx_word' id='word_1_106' title='bbox 283 1707 379 1774; x_wconf 84' lang='lat' dir='ltr'><strong>Gono.</strong></span> <span class='ocrx_word' id='word_1_107' title='bbox 402 1705 505 1772; x_wconf 82' lang='lat' dir='ltr'><strong>Trull.</strong></span> <span class='ocrx_word' id='word_1_108' title='bbox 528 1706 621 1772; x_wconf 92' lang='lat' dir='ltr'><strong>circa</strong></span> <span class='ocrx_word' id='word_1_109' title='bbox 643 1711 790 1773; x_wconf 90' lang='lat' dir='ltr'><strong>aetatem</strong></span> <span class='ocrx_word' id='word_1_110' title='bbox 807 1705 850 1770; x_wconf 91' lang='lat' dir='ltr'><strong>ad</strong></span> <span class='ocrx_word' id='word_1_111' title='bbox 867 1704 1108 1790; x_wconf 86' lang='lat' dir='ltr'><strong>professionem</strong></span> <span class='ocrx_word' id='word_1_112' title='bbox 1124 1703 1341 1770; x_wconf 90' lang='lat' dir='ltr'><strong>monasticam</strong></span> 
     </span>
     <span class='ocr_line' id='line_1_15' title="bbox 112 1805 1342 1896; baseline -0.003 -16"><span class='ocrx_word' id='word_1_113' title='bbox 112 1814 342 1880; x_wconf 86' lang='lat' dir='ltr'><strong>necessariam</strong></span> <span class='ocrx_word' id='word_1_114' title='bbox 366 1813 556 1880; x_wconf 88' lang='lat' dir='ltr'><strong>nullatenus</strong></span> <span class='ocrx_word' id='word_1_115' title='bbox 580 1810 732 1896; x_wconf 89' lang='lat' dir='ltr'><strong>respicit;</strong></span> <span class='ocrx_word' id='word_1_116' title='bbox 768 1812 827 1879; x_wconf 90' lang='lat' dir='ltr'><strong>sed</strong></span> <span class='ocrx_word' id='word_1_117' title='bbox 850 1811 1031 1878; x_wconf 88' lang='lat' dir='ltr'><strong>notandum</strong></span> <span class='ocrx_word' id='word_1_118' title='bbox 1054 1816 1108 1878; x_wconf 88' lang='lat' dir='ltr'><strong>est</strong></span> <span class='ocrx_word' id='word_1_119' title='bbox 1123 1811 1185 1878; x_wconf 91' lang='lat' dir='ltr'><strong>hoc</strong></span> <span class='ocrx_word' id='word_1_120' title='bbox 1208 1805 1342 1877; x_wconf 87' lang='lat' dir='ltr'><strong>decreto</strong></span> 
     </span>
     <span class='ocr_line' id='line_1_16' title="bbox 112 1917 1339 2004; baseline -0.002 -17"><span class='ocrx_word' id='word_1_121' title='bbox 112 1921 272 1988; x_wconf 82' lang='lat' dir='ltr'><strong>Trullano</strong></span> <span class='ocrx_word' id='word_1_122' title='bbox 297 1920 463 1988; x_wconf 89' lang='lat' dir='ltr'><strong>sancitum</strong></span> <span class='ocrx_word' id='word_1_123' title='bbox 487 1938 573 2004; x_wconf 88' lang='lat' dir='ltr'><strong>esse,</strong></span> <span class='ocrx_word' id='word_1_124' title='bbox 597 1925 634 1986; x_wconf 90' lang='lat' dir='ltr'><strong>ut</strong></span> <span class='ocrx_word' id='word_1_125' title='bbox 656 1920 769 2002; x_wconf 92' lang='lat' dir='ltr'><strong>pueris</strong></span> <span class='ocrx_word' id='word_1_126' title='bbox 793 1919 907 1986; x_wconf 87' lang='lat' dir='ltr'><strong>decem</strong></span> <span class='ocrx_word' id='word_1_127' title='bbox 931 1937 1091 1986; x_wconf 92' lang='lat' dir='ltr'><strong>annorum</strong></span> <span class='ocrx_word' id='word_1_128' title='bbox 1111 1919 1154 1986; x_wconf 87' lang='lat' dir='ltr'><strong>ab</strong></span> <span class='ocrx_word' id='word_1_129' title='bbox 1172 1917 1339 2002; x_wconf 87' lang='lat' dir='ltr'><strong>episcopis</strong></span> 
     </span>
     <span class='ocr_line' id='line_1_17' title="bbox 113 2025 1342 2111; baseline -0.003 -17"><span class='ocrx_word' id='word_1_130' title='bbox 113 2027 280 2110; x_wconf 84' lang='lat' dir='ltr'><strong>professio</strong></span> <span class='ocrx_word' id='word_1_131' title='bbox 319 2027 506 2094; x_wconf 88' lang='lat' dir='ltr'><strong>monastica</strong></span> <span class='ocrx_word' id='word_1_132' title='bbox 542 2026 741 2111; x_wconf 88' lang='lat' dir='ltr'><strong>parcissime</strong></span> <span class='ocrx_word' id='word_1_133' title='bbox 780 2025 995 2108; x_wconf 80' lang='lat' dir='ltr'><strong>concedatur3</strong></span> <span class='ocrx_word' id='word_1_134' title='bbox 1030 2025 1149 2092; x_wconf 90' lang='lat' dir='ltr'><strong>deinde</strong></span> <span class='ocrx_word' id='word_1_135' title='bbox 1184 2025 1342 2092; x_wconf 83' lang='lat' dir='ltr'><strong>obstabat</strong></span> 
     </span>
     <span class='ocr_line' id='line_1_18' title="bbox 112 2131 1342 2216; baseline -0.002 -16"><span class='ocrx_word' id='word_1_136' title='bbox 112 2133 192 2201; x_wconf 91' lang='lat' dir='ltr'><strong>huic</strong></span> <span class='ocrx_word' id='word_1_137' title='bbox 208 2134 325 2202; x_wconf 91' lang='lat' dir='ltr'><strong>canoni</strong></span> <span class='ocrx_word' id='word_1_138' title='bbox 341 2133 396 2202; x_wconf 84' lang='lat' dir='ltr'><strong>lox</strong></span> <span class='ocrx_word' id='word_1_139' title='bbox 410 2133 523 2202; x_wconf 90' lang='lat' dir='ltr'><strong>civilis</strong></span> <span class='ocrx_word' id='word_1_140' title='bbox 533 2134 564 2214; x_wconf 88' lang='lat'><strong>¹).</strong></span> <span class='ocrx_word' id='word_1_141' title='bbox 584 2133 763 2201; x_wconf 90' lang='lat' dir='ltr'><strong>secundum</strong></span> <span class='ocrx_word' id='word_1_142' title='bbox 780 2153 878 2216; x_wconf 87' lang='lat' dir='ltr'><strong>quam</strong></span> <span class='ocrx_word' id='word_1_143' title='bbox 893 2133 1009 2216; x_wconf 91' lang='lat' dir='ltr'><strong>pueris</strong></span> <span class='ocrx_word' id='word_1_144' title='bbox 1026 2132 1194 2200; x_wconf 87' lang='lat' dir='ltr'><strong>sexdecim</strong></span> <span class='ocrx_word' id='word_1_145' title='bbox 1211 2131 1342 2199; x_wconf 90' lang='lat' dir='ltr'><strong>domum</strong></span> 
     </span>
     <span class='ocr_line' id='line_1_19' title="bbox 113 2239 1344 2326; baseline -0.002 -18"><span class='ocrx_word' id='word_1_146' title='bbox 113 2261 274 2308; x_wconf 90' lang='lat' dir='ltr'><strong>annorum</strong></span> <span class='ocrx_word' id='word_1_147' title='bbox 303 2239 505 2324; x_wconf 88' lang='lat' dir='ltr'><strong>permissum</strong></span> <span class='ocrx_word' id='word_1_148' title='bbox 533 2245 607 2307; x_wconf 91' lang='lat' dir='ltr'><strong>erat</strong></span> <span class='ocrx_word' id='word_1_149' title='bbox 634 2241 676 2307; x_wconf 91' lang='lat' dir='ltr'><strong>de</strong></span> <span class='ocrx_word' id='word_1_150' title='bbox 703 2241 810 2326; x_wconf 91' lang='lat' dir='ltr'><strong>bouis,</strong></span> <span class='ocrx_word' id='word_1_151' title='bbox 843 2259 929 2322; x_wconf 87' lang='lat' dir='ltr'><strong>quae</strong></span> <span class='ocrx_word' id='word_1_152' title='bbox 952 2241 1131 2324; x_wconf 87' lang='lat' dir='ltr'><strong>habebant,</strong></span> <span class='ocrx_word' id='word_1_153' title='bbox 1161 2244 1344 2306; x_wconf 84' lang='lat' dir='ltr'><strong>testamen·</strong></span> 
     </span>
     <span class='ocr_line' id='line_1_20' title="bbox 113 2348 296 2416; baseline 0.011 -2"><span class='ocrx_word' id='word_1_154' title='bbox 113 2355 152 2416; x_wconf 86' lang='lat' dir='ltr'><strong>ta</strong></span> <span class='ocrx_word' id='word_1_155' title='bbox 175 2348 296 2416; x_wconf 90' lang='lat' dir='ltr'><strong>facere.</strong></span> 
     </span>
    </p>

    <p class='ocr_par' dir='ltr' id='par_1_4' title="bbox 111 2453 1344 2860">
     <span class='ocr_line' id='line_1_21' title="bbox 205 2453 1344 2540; baseline -0.002 -18"><span class='ocrx_word' id='word_1_156' title='bbox 205 2454 318 2540; x_wconf 80' lang='lat' dir='ltr'><strong>Quoad</strong></span> <span class='ocrx_word' id='word_1_157' title='bbox 343 2454 552 2522; x_wconf 86' lang='lat' dir='ltr'><strong>durationem</strong></span> <span class='ocrx_word' id='word_1_158' title='bbox 580 2453 731 2522; x_wconf 80' lang='lat' dir='ltr'><strong>tirocinii</strong></span> <span class='ocrx_word' id='word_1_159' title='bbox 754 2455 809 2524; x_wconf 93' lang='lat' dir='ltr'><strong>vel</strong></span> <span class='ocrx_word' id='word_1_160' title='bbox 831 2455 1016 2522; x_wconf 88' lang='lat' dir='ltr'><strong>novitiatus</strong></span> <span class='ocrx_word' id='word_1_161' title='bbox 1032 2453 1224 2522; x_wconf 76' lang='lat' dir='ltr'><strong>Theodorus</strong></span> <span class='ocrx_word' id='word_1_162' title='bbox 1241 2471 1344 2536; x_wconf 84' lang='lat' dir='ltr'><strong>aequo</strong></span> 
     </span>
     <span class='ocr_line' id='line_1_22' title="bbox 114 2560 1342 2646; baseline -0.002 -17"><span class='ocrx_word' id='word_1_163' title='bbox 114 2581 156 2629; x_wconf 89' lang='lat' dir='ltr'><strong>ac</strong></span> <span class='ocrx_word' id='word_1_164' title='bbox 179 2562 328 2630; x_wconf 91' lang='lat' dir='ltr'><strong>Basilius</strong></span> <span class='ocrx_word' id='word_1_165' title='bbox 352 2562 437 2629; x_wconf 92' lang='lat' dir='ltr'><strong>nihil</strong></span> <span class='ocrx_word' id='word_1_166' title='bbox 453 2561 666 2646; x_wconf 82' lang='lat' dir='ltr'><strong>praescribit.</strong></span> <span class='ocrx_word' id='word_1_167' title='bbox 685 2561 743 2628; x_wconf 91' lang='lat' dir='ltr'><strong>sed</strong></span> <span class='ocrx_word' id='word_1_168' title='bbox 759 2561 931 2646; x_wconf 87' lang='lat' dir='ltr'><strong>vulteum,</strong></span> <span class='ocrx_word' id='word_1_169' title='bbox 948 2560 1042 2628; x_wconf 92' lang='lat' dir='ltr'><strong>cuius</strong></span> <span class='ocrx_word' id='word_1_170' title='bbox 1059 2561 1171 2629; x_wconf 87' lang='lat' dir='ltr'><strong>virtus</strong></span> <span class='ocrx_word' id='word_1_171' title='bbox 1188 2565 1342 2646; x_wconf 87' lang='lat' dir='ltr'><strong>spectata</strong></span> 
     </span>
     <span class='ocr_line' id='line_1_23' title="bbox 114 2667 1344 2753; baseline -0.002 -17"><span class='ocrx_word' id='word_1_172' title='bbox 114 2675 216 2751; x_wconf 89' lang='lat' dir='ltr'><strong>atquo</strong></span> <span class='ocrx_word' id='word_1_173' title='bbox 239 2674 378 2752; x_wconf 83' lang='lat' dir='ltr'><strong>experta</strong></span> <span class='ocrx_word' id='word_1_174' title='bbox 401 2669 513 2753; x_wconf 86' lang='lat' dir='ltr'><strong>fuerit,</strong></span> <span class='ocrx_word' id='word_1_175' title='bbox 538 2670 604 2736; x_wconf 89' lang='lat' dir='ltr'><strong>sub</strong></span> <span class='ocrx_word' id='word_1_176' title='bbox 628 2669 806 2735; x_wconf 89' lang='lat' dir='ltr'><strong>multorum</strong></span> <span class='ocrx_word' id='word_1_177' title='bbox 828 2667 1022 2734; x_wconf 85' lang='lat' dir='ltr'><strong>testimonio</strong></span> <span class='ocrx_word' id='word_1_178' title='bbox 1046 2668 1088 2734; x_wconf 89' lang='lat' dir='ltr'><strong>ad</strong></span> <span class='ocrx_word' id='word_1_179' title='bbox 1116 2667 1344 2736; x_wconf 90' lang='lat' dir='ltr'><strong>monachicam</strong></span> 
     </span>
     <span class='ocr_line' id='line_1_24' title="bbox 111 2775 591 2860; baseline -0.006 -16"><span class='ocrx_word' id='word_1_180' title='bbox 111 2777 359 2860; x_wconf 88' lang='lat' dir='ltr'><strong>professionem</strong></span> <span class='ocrx_word' id='word_1_181' title='bbox 382 2775 591 2858; x_wconf 69' lang='lat' dir='ltr'><strong>introducat)</strong></span> 
     </span>
    </p>
   </div>
   <div class='ocr_carea' id='block_1_4' title="bbox 111 2891 1345 3619">
    <p class='ocr_par' dir='ltr' id='par_1_5' title="bbox 111 2891 1345 3619">
     <span class='ocr_line' id='line_1_25' title="bbox 206 2891 1345 2977; baseline -0.003 -18"><span class='ocrx_word' id='word_1_182' title='bbox 206 2892 410 2977; x_wconf 88' lang='lat' dir='ltr'><strong>Appendiois</strong></span> <span class='ocrx_word' id='word_1_183' title='bbox 434 2893 546 2959; x_wconf 88' lang='lat' dir='ltr'><strong>instar</strong></span> <span class='ocrx_word' id='word_1_184' title='bbox 568 2892 694 2960; x_wconf 90' lang='lat' dir='ltr'><strong>iuverit</strong></span> <span class='ocrx_word' id='word_1_185' title='bbox 717 2892 772 2959; x_wconf 91' lang='lat' dir='ltr'><strong>hic</strong></span> <span class='ocrx_word' id='word_1_186' title='bbox 797 2891 921 2958; x_wconf 86' lang='lat' dir='ltr'><strong>addere</strong></span> <span class='ocrx_word' id='word_1_187' title='bbox 943 2892 1101 2958; x_wconf 89' lang='lat' dir='ltr'><strong>nonnulla</strong></span> <span class='ocrx_word' id='word_1_188' title='bbox 1123 2891 1164 2957; x_wconf 89' lang='lat' dir='ltr'><strong>de</strong></span> <span class='ocrx_word' id='word_1_189' title='bbox 1187 2892 1265 2975; x_wconf 88' lang='lat' dir='ltr'><strong>ritu,</strong></span> <span class='ocrx_word' id='word_1_190' title='bbox 1288 2893 1345 2973; x_wconf 91' lang='lat' dir='ltr'><strong>qui</strong></span> 
     </span>
     <span class='ocr_line' id='line_1_26' title="bbox 115 2997 1345 3084; baseline -0.003 -17"><span class='ocrx_word' id='word_1_191' title='bbox 115 3005 232 3068; x_wconf 89' lang='lat' dir='ltr'><strong>aetate</strong></span> <span class='ocrx_word' id='word_1_192' title='bbox 244 2999 408 3066; x_wconf 82' lang='lat' dir='ltr'><strong>&#39;l&#39;heodori</strong></span> <span class='ocrx_word' id='word_1_193' title='bbox 420 2999 456 3066; x_wconf 92' lang='lat' dir='ltr'><strong>in</strong></span> <span class='ocrx_word' id='word_1_194' title='bbox 469 2997 674 3084; x_wconf 87' lang='lat' dir='ltr'><strong>professione</strong></span> <span class='ocrx_word' id='word_1_195' title='bbox 690 2999 878 3066; x_wconf 87' lang='lat' dir='ltr'><strong>monastica</strong></span> <span class='ocrx_word' id='word_1_196' title='bbox 892 2998 1077 3066; x_wconf 86' lang='lat' dir='ltr'><strong>omittenda</strong></span> <span class='ocrx_word' id='word_1_197' title='bbox 1091 2999 1345 3066; x_wconf 87' lang='lat' dir='ltr'><strong>observabatur.</strong></span> 
     </span>
     <span class='ocr_line' id='line_1_27' title="bbox 112 3105 1345 3190; baseline -0.004 -15"><span class='ocrx_word' id='word_1_198' title='bbox 112 3105 265 3176; x_wconf 87' lang='lat' dir='ltr'><strong>Basilius</strong></span> <span class='ocrx_word' id='word_1_199' title='bbox 290 3106 422 3190; x_wconf 87' lang='lat' dir='ltr'><strong>quidem</strong></span> <span class='ocrx_word' id='word_1_200' title='bbox 444 3107 598 3176; x_wconf 88' lang='lat' dir='ltr'><strong>voluerat</strong></span> <span class='ocrx_word' id='word_1_201' title='bbox 620 3106 861 3190; x_wconf 88' lang='lat' dir='ltr'><strong>professionem</strong></span> <span class='ocrx_word' id='word_1_202' title='bbox 882 3106 1100 3172; x_wconf 90' lang='lat' dir='ltr'><strong>monasticam</strong></span> <span class='ocrx_word' id='word_1_203' title='bbox 1116 3123 1193 3172; x_wconf 89' lang='lat' dir='ltr'><strong>esse</strong></span> <span class='ocrx_word' id='word_1_204' title='bbox 1210 3123 1345 3188; x_wconf 88' lang='lat' dir='ltr'><strong>expres-</strong></span> 
     </span>
     <span class='ocr_line' id='line_1_28' title="bbox 118 3211 1344 3298; baseline -0.002 -18"><span class='ocrx_word' id='word_1_205' title='bbox 118 3211 237 3298; x_wconf 70' lang='lat' dir='ltr'><strong>sami)¹</strong></span> <span class='ocrx_word' id='word_1_206' title='bbox 268 3213 327 3280; x_wconf 90' lang='lat' dir='ltr'><strong>sed</strong></span> <span class='ocrx_word' id='word_1_207' title='bbox 353 3213 394 3280; x_wconf 89' lang='lat' dir='ltr'><strong>do</strong></span> <span class='ocrx_word' id='word_1_208' title='bbox 426 3211 655 3293; x_wconf 69' lang='lat' dir='ltr'><strong>caeremoniis¹</strong></span> <span class='ocrx_word' id='word_1_209' title='bbox 671 3213 757 3279; x_wconf 94' lang='lat' dir='ltr'><strong>nihil</strong></span> <span class='ocrx_word' id='word_1_210' title='bbox 789 3217 932 3279; x_wconf 84' lang='lat' dir='ltr'><strong>constat</strong></span> <span class='ocrx_word' id='word_1_211' title='bbox 986 3212 1039 3278; x_wconf 84' lang='lat' dir='ltr'><strong>Ex</strong></span> <span class='ocrx_word' id='word_1_212' title='bbox 1068 3211 1232 3278; x_wconf 79' lang='lat' dir='ltr'><strong>Theodori</strong></span> <span class='ocrx_word' id='word_1_213' title='bbox 1264 3229 1344 3279; x_wconf 90' lang='lat' dir='ltr'><strong>vero</strong></span> 
     </span>
     <span class='ocr_line' id='line_1_29' title="bbox 116 3319 1343 3405; baseline -0.002 -18"><span class='ocrx_word' id='word_1_214' title='bbox 116 3320 272 3405; x_wconf 89' lang='lat' dir='ltr'><strong>epistolis</strong></span> <span class='ocrx_word' id='word_1_215' title='bbox 302 3320 459 3387; x_wconf 89' lang='lat' dir='ltr'><strong>nonnulla</strong></span> <span class='ocrx_word' id='word_1_216' title='bbox 494 3320 536 3387; x_wconf 90' lang='lat' dir='ltr'><strong>ad</strong></span> <span class='ocrx_word' id='word_1_217' title='bbox 572 3321 659 3386; x_wconf 90' lang='lat' dir='ltr'><strong>hanc</strong></span> <span class='ocrx_word' id='word_1_218' title='bbox 694 3337 766 3386; x_wconf 88' lang='lat' dir='ltr'><strong>rem</strong></span> <span class='ocrx_word' id='word_1_219' title='bbox 794 3319 986 3402; x_wconf 89' lang='lat' dir='ltr'><strong>spectantia</strong></span> <span class='ocrx_word' id='word_1_220' title='bbox 1013 3336 1131 3385; x_wconf 87' lang='lat' dir='ltr'><strong>eruere</strong></span> <span class='ocrx_word' id='word_1_221' title='bbox 1158 3337 1343 3401; x_wconf 91' lang='lat' dir='ltr'><strong>possumus.</strong></span> 
     </span>
     <span class='ocr_line' id='line_1_30' title="bbox 111 3426 1344 3511; baseline -0.003 -16"><span class='ocrx_word' id='word_1_222' title='bbox 111 3429 163 3495; x_wconf 82' lang='lat' dir='ltr'><strong>Et</strong></span> <span class='ocrx_word' id='word_1_223' title='bbox 196 3427 328 3510; x_wconf 86' lang='lat' dir='ltr'><strong>quidem</strong></span> <span class='ocrx_word' id='word_1_224' title='bbox 362 3428 521 3494; x_wconf 91' lang='lat' dir='ltr'><strong>monacho</strong></span> <span class='ocrx_word' id='word_1_225' title='bbox 559 3431 745 3511; x_wconf 90' lang='lat' dir='ltr'><strong>apostatae,</strong></span> <span class='ocrx_word' id='word_1_226' title='bbox 782 3444 878 3508; x_wconf 85' lang='lat' dir='ltr'><strong>quem</strong></span> <span class='ocrx_word' id='word_1_227' title='bbox 914 3426 989 3493; x_wconf 91' lang='lat' dir='ltr'><strong>vult</strong></span> <span class='ocrx_word' id='word_1_228' title='bbox 1023 3427 1065 3491; x_wconf 92' lang='lat' dir='ltr'><strong>ad</strong></span> <span class='ocrx_word' id='word_1_229' title='bbox 1104 3426 1344 3508; x_wconf 85' lang='lat' dir='ltr'><strong>poenitentiam</strong></span> 
     </span>
     <span class='ocr_line' id='line_1_31' title="bbox 116 3529 1345 3619; baseline -0.002 -18"><span class='ocrx_word' id='word_1_230' title='bbox 116 3533 278 3619; x_wconf 86' lang='lat' dir='ltr'><strong>excitare,</strong></span> <span class='ocrx_word' id='word_1_231' title='bbox 302 3534 353 3601; x_wconf 91' lang='lat' dir='ltr'><strong>sic</strong></span> <span class='ocrx_word' id='word_1_232' title='bbox 377 3531 548 3617; x_wconf 75' lang='lat' dir='ltr'><strong>scribit⁴):</strong></span> <span class='ocrx_word' id='word_1_233' title='bbox 576 3533 663 3618; x_wconf 84' lang='lat' dir='ltr'><strong>„Ubi</strong></span> <span class='ocrx_word' id='word_1_234' title='bbox 686 3533 846 3600; x_wconf 90' lang='lat' dir='ltr'><strong>emissum</strong></span> <span class='ocrx_word' id='word_1_235' title='bbox 870 3533 913 3598; x_wconf 92' lang='lat' dir='ltr'><strong>ad</strong></span> <span class='ocrx_word' id='word_1_236' title='bbox 937 3551 1069 3600; x_wconf 87' lang='lat' dir='ltr'><strong>sacram</strong></span> <span class='ocrx_word' id='word_1_237' title='bbox 1093 3550 1187 3598; x_wconf 85' lang='lat' dir='ltr'><strong>aram</strong></span> <span class='ocrx_word' id='word_1_238' title='bbox 1209 3529 1345 3602; x_wconf 80' lang='lat' dir='ltr'><strong>votum?</strong></span> 
     </span>
    </p>
   </div>
   <div class='ocr_carea' id='block_1_5' title="bbox 118 3725 1337 3888">
    <p class='ocr_par' dir='ltr' id='par_1_6' title="bbox 118 3725 1337 3888">
     <span class='ocr_line' id='line_1_32' title="bbox 205 3725 1337 3797; baseline -0.003 -15"><span class='ocrx_word' id='word_1_239' title='bbox 205 3730 227 3797; x_wconf 91' lang='lat'><strong>¹)</strong></span> <span class='ocrx_word' id='word_1_240' title='bbox 245 3726 362 3783; x_wconf 87' lang='lat' dir='ltr'><strong>Novella</strong></span> <span class='ocrx_word' id='word_1_241' title='bbox 380 3731 404 3782; x_wconf 87' lang='grc'><strong>6.</strong></span> <span class='ocrx_word' id='word_1_242' title='bbox 425 3726 601 3796; x_wconf 85' lang='lat' dir='ltr'><strong>imperatoris</strong></span> <span class='ocrx_word' id='word_1_243' title='bbox 632 3726 733 3781; x_wconf 86' lang='lat' dir='ltr'><strong>Leonis</strong></span> <span class='ocrx_word' id='word_1_244' title='bbox 765 3725 928 3796; x_wconf 89' lang='lat' dir='ltr'><strong>Philosophi</strong></span> <span class='ocrx_word' id='word_1_245' title='bbox 952 3725 1068 3796; x_wconf 80' lang='lat' dir='ltr'><strong>(iligna,</strong></span> <span class='ocrx_word' id='word_1_246' title='bbox 1101 3741 1122 3783; x_wconf 88' lang='lat' dir='ltr'><strong>s.</strong></span> <span class='ocrx_word' id='word_1_247' title='bbox 1149 3742 1191 3795; x_wconf 79' lang='lat' dir='ltr'><strong>gr.</strong></span> <span class='ocrx_word' id='word_1_248' title='bbox 1224 3731 1244 3782; x_wconf 86' lang='lat' dir='ltr'><strong>t.</strong></span> <span class='ocrx_word' id='word_1_249' title='bbox 1278 3726 1337 3792; x_wconf 84' lang='grc'>137,</span> 
     </span>
     <span class='ocr_line' id='line_1_33' title="bbox 118 3817 263 3888; baseline -0.014 -14"><span class='ocrx_word' id='word_1_250' title='bbox 118 3817 172 3874; x_wconf 84' lang='lat' dir='ltr'><strong>col.</strong></span> <span class='ocrx_word' id='word_1_251' title='bbox 191 3818 263 3888; x_wconf 81' lang='grc'>655).</span> 
     </span>
    </p>
   </div>
   <div class='ocr_carea' id='block_1_6' title="bbox 111 3921 1346 4798">
    <p class='ocr_par' dir='ltr' id='par_1_7' title="bbox 209 3921 997 3993">
     <span class='ocr_line' id='line_1_34' title="bbox 209 3921 997 3993; baseline 0 -15"><span class='ocrx_word' id='word_1_252' title='bbox 209 3923 232 3992; x_wconf 82' lang='lat'><strong>¹)</strong></span> <span class='ocrx_word' id='word_1_253' title='bbox 251 3923 292 3980; x_wconf 76' lang='lat' dir='ltr'><strong>(tf.</strong></span> <span class='ocrx_word' id='word_1_254' title='bbox 312 3922 424 3977; x_wconf 88' lang='lat' dir='ltr'><strong>librili</strong></span> <span class='ocrx_word' id='word_1_255' title='bbox 443 3922 523 3993; x_wconf 85' lang='lat' dir='ltr'><strong>epist.</strong></span> <span class='ocrx_word' id='word_1_256' title='bbox 544 3925 596 3978; x_wconf 77' lang='lat' dir='ltr'><strong>loc</strong></span> <span class='ocrx_word' id='word_1_257' title='bbox 614 3921 729 3992; x_wconf 78' lang='lat' dir='ltr'><strong>(iligne,</strong></span> <span class='ocrx_word' id='word_1_258' title='bbox 748 3922 765 3976; x_wconf 91' lang='lat' dir='ltr'><strong>l.</strong></span> <span class='ocrx_word' id='word_1_259' title='bbox 785 3937 816 3986; x_wconf 88' lang='grc' dir='ltr'><strong>ο,,</strong></span> <span class='ocrx_word' id='word_1_260' title='bbox 837 3921 887 3978; x_wconf 85' lang='lat' dir='ltr'><strong>eol.</strong></span> <span class='ocrx_word' id='word_1_261' title='bbox 909 3922 997 3993; x_wconf 78' lang='lat'>1522).</span> 
     </span>
    </p>

    <p class='ocr_par' dir='ltr' id='par_1_8' title="bbox 111 4011 1343 4172">
     <span class='ocr_line' id='line_1_35' title="bbox 211 4011 1343 4084; baseline 0 -16"><span class='ocrx_word' id='word_1_262' title='bbox 211 4013 233 4084; x_wconf 69' lang='grc' dir='ltr'><strong>θ)</strong></span> <span class='ocrx_word' id='word_1_263' title='bbox 252 4012 352 4069; x_wconf 82' lang='lat' dir='ltr'><strong>Basilii</strong></span> <span class='ocrx_word' id='word_1_264' title='bbox 372 4029 414 4082; x_wconf 91' lang='lat' dir='ltr'><strong>ep.</strong></span> <span class='ocrx_word' id='word_1_265' title='bbox 440 4027 499 4069; x_wconf 85' lang='lat' dir='ltr'><strong>cau.</strong></span> <span class='ocrx_word' id='word_1_266' title='bbox 523 4012 661 4068; x_wconf 90' lang='lat' dir='ltr'><strong>secundae</strong></span> <span class='ocrx_word' id='word_1_267' title='bbox 685 4028 774 4066; x_wconf 89' lang='lat' dir='ltr'><strong>canon</strong></span> <span class='ocrx_word' id='word_1_268' title='bbox 799 4015 831 4066; x_wconf 90' lang='grc'><strong>19</strong></span> <span class='ocrx_word' id='word_1_269' title='bbox 856 4011 960 4080; x_wconf 49' lang='lat' dir='ltr'><strong>(Opera</strong></span> <span class='ocrx_word' id='word_1_270' title='bbox 980 4012 1077 4066; x_wconf 87' lang='lat' dir='ltr'><strong>Basilii</strong></span> <span class='ocrx_word' id='word_1_271' title='bbox 1105 4011 1172 4071; x_wconf 86' lang='lat' dir='ltr'><strong>edit.</strong></span> <span class='ocrx_word' id='word_1_272' title='bbox 1196 4011 1299 4068; x_wconf 87' lang='lat' dir='ltr'><strong>Benod.</strong></span> <span class='ocrx_word' id='word_1_273' title='bbox 1324 4017 1343 4069; x_wconf 86' lang='lat' dir='ltr'><strong>t.</strong></span> 
     </span>
     <span class='ocr_line' id='line_1_36' title="bbox 111 4101 617 4172; baseline 0.002 -17"><span class='ocrx_word' id='word_1_274' title='bbox 111 4102 158 4158; x_wconf 92' lang='lat'><strong>111</strong></span> <span class='ocrx_word' id='word_1_275' title='bbox 177 4118 242 4172; x_wconf 90' lang='lat' dir='ltr'><strong>pars</strong></span> <span class='ocrx_word' id='word_1_276' title='bbox 263 4101 360 4166; x_wconf 83' lang='lat' dir='ltr'><strong>altera,</strong></span> <span class='ocrx_word' id='word_1_277' title='bbox 380 4117 444 4172; x_wconf 83' lang='lat' dir='ltr'><strong>pag.</strong></span> <span class='ocrx_word' id='word_1_278' title='bbox 464 4105 523 4156; x_wconf 82' lang='lat'><strong>423.</strong></span> <span class='ocrx_word' id='word_1_279' title='bbox 543 4105 617 4171; x_wconf 78' lang='lat'>424).</span> 
     </span>
    </p>

    <p class='ocr_par' dir='ltr' id='par_1_9' title="bbox 111 4189 1346 4798">
     <span class='ocr_line' id='line_1_37' title="bbox 203 4189 1346 4264; baseline -0.003 -18"><span class='ocrx_word' id='word_1_280' title='bbox 203 4191 229 4259; x_wconf 75' lang='lat'><strong>⁴)</strong></span> <span class='ocrx_word' id='word_1_281' title='bbox 249 4191 325 4246; x_wconf 87' lang='lat' dir='ltr'><strong>Libri</strong></span> <span class='ocrx_word' id='word_1_282' title='bbox 345 4192 372 4244; x_wconf 89' lang='lat'><strong>11</strong></span> <span class='ocrx_word' id='word_1_283' title='bbox 392 4192 472 4260; x_wconf 83' lang='lat' dir='ltr'><strong>epist.</strong></span> <span class='ocrx_word' id='word_1_284' title='bbox 482 4194 531 4246; x_wconf 87' lang='lat'><strong>88:</strong></span> <span class='ocrx_word' id='word_1_285' title='bbox 553 4232 612 4248; x_wconf 87' lang='lat'>....</span> <span class='ocrx_word' id='word_1_286' title='bbox 630 4190 684 4244; x_wconf 83' lang='grc' dir='ltr'><strong>Ποῦ</strong></span> <span class='ocrx_word' id='word_1_287' title='bbox 702 4190 770 4264; x_wconf 60' lang='lat' dir='ltr'><strong>hirti</strong></span> <span class='ocrx_word' id='word_1_288' title='bbox 779 4189 895 4258; x_wconf 77' lang='lat' dir='ltr'><strong>coolspob</strong></span> <span class='ocrx_word' id='word_1_289' title='bbox 904 4190 1021 4263; x_wconf 67' lang='grc' dir='ltr'><strong>βήματος</strong></span> <span class='ocrx_word' id='word_1_290' title='bbox 1031 4189 1167 4262; x_wconf 71' lang='grc' dir='ltr'><strong>ὁμολογίας</strong></span> <span class='ocrx_word' id='word_1_291' title='bbox 1185 4198 1231 4244; x_wconf 83' lang='grc' dir='ltr'><strong>ποῦ</strong></span> <span class='ocrx_word' id='word_1_292' title='bbox 1240 4194 1346 4262; x_wconf 75' lang='grc' dir='ltr'><strong>μάμωρι</strong></span> 
     </span>
     <span class='ocr_line' id='line_1_38' title="bbox 112 4279 1345 4352; baseline -0.002 -18"><span class='ocrx_word' id='word_1_293' title='bbox 112 4281 173 4352; x_wconf 67' lang='grc' dir='ltr'><strong>Θεῷ</strong></span> <span class='ocrx_word' id='word_1_294' title='bbox 189 4299 216 4334; x_wconf 74' lang='grc' dir='ltr'><strong>τε</strong></span> <span class='ocrx_word' id='word_1_295' title='bbox 233 4285 278 4334; x_wconf 80' lang='lat' dir='ltr'><strong>aul</strong></span> <span class='ocrx_word' id='word_1_296' title='bbox 295 4279 415 4352; x_wconf 73' lang='grc' dir='ltr'><strong>ἀγγέλοις</strong></span> <span class='ocrx_word' id='word_1_297' title='bbox 433 4280 588 4352; x_wconf 68' lang='grc' dir='ltr'><strong>ὁποσχὲοειςγ</strong></span> <span class='ocrx_word' id='word_1_298' title='bbox 606 4288 653 4333; x_wconf 78' lang='grc' dir='ltr'><strong>ποῦ</strong></span> <span class='ocrx_word' id='word_1_299' title='bbox 671 4280 691 4352; x_wconf 84' lang='grc' dir='ltr'><strong>ἡ</strong></span> <span class='ocrx_word' id='word_1_300' title='bbox 709 4279 847 4352; x_wconf 66' lang='lat' dir='ltr'><strong>bosowa-ip</strong></span> <span class='ocrx_word' id='word_1_301' title='bbox 871 4279 1008 4351; x_wconf 76' lang='grc' dir='ltr'>φαιδρότης</span> <span class='ocrx_word' id='word_1_302' title='bbox 1030 4286 1073 4333; x_wconf 78' lang='lat' dir='ltr'><strong>uod</strong></span> <span class='ocrx_word' id='word_1_303' title='bbox 1096 4279 1244 4352; x_wconf 79' lang='grc' dir='ltr'><strong>οχήμοιτος;</strong></span> <span class='ocrx_word' id='word_1_304' title='bbox 1267 4287 1313 4334; x_wconf 81' lang='grc' dir='ltr'><strong>ποῦ</strong></span> <span class='ocrx_word' id='word_1_305' title='bbox 1332 4280 1345 4332; x_wconf 83' lang='grc' dir='ltr'><strong>ὁ</strong></span> 
     </span>
     <span class='ocr_line' id='line_1_39' title="bbox 111 4367 1345 4442; baseline -0.002 -19"><span class='ocrx_word' id='word_1_306' title='bbox 111 4377 283 4442; x_wconf 66' lang='lat' dir='ltr'><strong>campomartis&lt;</strong></span> <span class='ocrx_word' id='word_1_307' title='bbox 310 4371 439 4441; x_wconf 68' lang='grc' dir='ltr'><strong>νοούμενος</strong></span> <span class='ocrx_word' id='word_1_308' title='bbox 467 4371 561 4442; x_wconf 81' lang='grc' dir='ltr'><strong>γάμος;</strong></span> <span class='ocrx_word' id='word_1_309' title='bbox 589 4377 636 4423; x_wconf 80' lang='grc' dir='ltr'><strong>ποῦ</strong></span> <span class='ocrx_word' id='word_1_310' title='bbox 663 4367 677 4421; x_wconf 81' lang='grc' dir='ltr'><strong><em>ὃ</em></strong></span> <span class='ocrx_word' id='word_1_311' title='bbox 704 4368 763 4436; x_wconf 80' lang='grc' dir='ltr'>ὑπὲρ</span> <span class='ocrx_word' id='word_1_312' title='bbox 790 4375 833 4422; x_wconf 72' lang='lat' dir='ltr'><strong>aad</strong></span> <span class='ocrx_word' id='word_1_313' title='bbox 860 4369 944 4430; x_wconf 76' lang='grc' dir='ltr'><strong>τοθείς</strong></span> <span class='ocrx_word' id='word_1_314' title='bbox 974 4367 1051 4440; x_wconf 75' lang='grc' dir='ltr'><strong>ἀμνὸς</strong></span> <span class='ocrx_word' id='word_1_315' title='bbox 1078 4377 1121 4422; x_wconf 71' lang='grc' dir='ltr'><strong>τοῦ</strong></span> <span class='ocrx_word' id='word_1_316' title='bbox 1144 4368 1221 4438; x_wconf 75' lang='grc' dir='ltr'><strong>Θεοῦς</strong></span> <span class='ocrx_word' id='word_1_317' title='bbox 1248 4377 1295 4424; x_wconf 82' lang='grc' dir='ltr'><strong>ποῦ</strong></span> <span class='ocrx_word' id='word_1_318' title='bbox 1320 4371 1345 4421; x_wconf 83' lang='grc' dir='ltr'><strong>τὸ</strong></span> 
     </span>
     <span class='ocr_line' id='line_1_40' title="bbox 115 4456 1342 4532; baseline -0.002 -19"><span class='ocrx_word' id='word_1_319' title='bbox 115 4457 278 4532; x_wconf 71' lang='grc' dir='ltr'><strong>ιύαγγελικὸν</strong></span> <span class='ocrx_word' id='word_1_320' title='bbox 294 4477 322 4512; x_wconf 81' lang='grc' dir='ltr'><strong>τε</strong></span> <span class='ocrx_word' id='word_1_321' title='bbox 338 4463 382 4512; x_wconf 80' lang='grc' dir='ltr'><strong>καί</strong></span> <span class='ocrx_word' id='word_1_322' title='bbox 400 4458 532 4530; x_wconf 71' lang='grc' dir='ltr'>ἀδελφικὸν</span> <span class='ocrx_word' id='word_1_323' title='bbox 549 4458 714 4530; x_wconf 81' lang='grc' dir='ltr'><strong>ἀγαλλίαμα;</strong></span> <span class='ocrx_word' id='word_1_324' title='bbox 736 4465 783 4511; x_wconf 79' lang='grc' dir='ltr'><strong>ποῦ</strong></span> <span class='ocrx_word' id='word_1_325' title='bbox 801 4457 815 4511; x_wconf 80' lang='grc' dir='ltr'>ὁ</span> <span class='ocrx_word' id='word_1_326' title='bbox 832 4461 901 4525; x_wconf 83' lang='grc' dir='ltr'>παρὰ</span> <span class='ocrx_word' id='word_1_327' title='bbox 923 4459 1021 4511; x_wconf 77' lang='grc' dir='ltr'>πάντων</span> <span class='ocrx_word' id='word_1_328' title='bbox 1043 4456 1176 4526; x_wconf 70' lang='grc' dir='ltr'><strong>ἱερώτατος</strong></span> <span class='ocrx_word' id='word_1_329' title='bbox 1199 4458 1342 4530; x_wconf 57' lang='grc' dir='ltr'><strong>ἀσπασμός</strong></span> 
     </span>
     <span class='ocr_line' id='line_1_41' title="bbox 113 4546 1345 4622; baseline -0.001 -21"><span class='ocrx_word' id='word_1_330' title='bbox 113 4555 162 4602; x_wconf 75' lang='grc' dir='ltr'><strong>ποῦ</strong></span> <span class='ocrx_word' id='word_1_331' title='bbox 180 4548 201 4622; x_wconf 80' lang='grc' dir='ltr'>ἡ</span> <span class='ocrx_word' id='word_1_332' title='bbox 218 4553 297 4619; x_wconf 78' lang='grc' dir='ltr'><strong>ἐντῷ</strong></span> <span class='ocrx_word' id='word_1_333' title='bbox 316 4549 379 4619; x_wconf 75' lang='grc' dir='ltr'><strong>θείῳ</strong></span> <span class='ocrx_word' id='word_1_334' title='bbox 397 4549 569 4621; x_wconf 72' lang='grc' dir='ltr'><strong>θυσιαστηρίῳ</strong></span> <span class='ocrx_word' id='word_1_335' title='bbox 587 4550 755 4616; x_wconf 62' lang='grc' dir='ltr'>παράστασις</span> <span class='ocrx_word' id='word_1_336' title='bbox 774 4555 822 4600; x_wconf 79' lang='grc' dir='ltr'><strong>ποῦ</strong></span> <span class='ocrx_word' id='word_1_337' title='bbox 840 4547 861 4620; x_wconf 81' lang='grc' dir='ltr'>ἡ</span> <span class='ocrx_word' id='word_1_338' title='bbox 877 4554 920 4600; x_wconf 74' lang='grc' dir='ltr'><strong>τοῦ</strong></span> <span class='ocrx_word' id='word_1_339' title='bbox 938 4547 1055 4619; x_wconf 78' lang='grc' dir='ltr'><strong>σώματός</strong></span> <span class='ocrx_word' id='word_1_340' title='bbox 1073 4565 1100 4602; x_wconf 78' lang='lat' dir='ltr'><strong>ra</strong></span> <span class='ocrx_word' id='word_1_341' title='bbox 1118 4553 1161 4602; x_wconf 78' lang='lat' dir='ltr'><strong>aad</strong></span> <span class='ocrx_word' id='word_1_342' title='bbox 1179 4546 1287 4621; x_wconf 76' lang='grc' dir='ltr'><strong>αἵματος</strong></span> <span class='ocrx_word' id='word_1_343' title='bbox 1303 4555 1345 4600; x_wconf 77' lang='grc' dir='ltr'><strong>τοῦ</strong></span> 
     </span>
     <span class='ocr_line' id='line_1_42' title="bbox 112 4635 1255 4711; baseline -0.001 -19"><span class='ocrx_word' id='word_1_344' title='bbox 112 4636 225 4706; x_wconf 75' lang='grc' dir='ltr'><strong>Χριστοῦ</strong></span> <span class='ocrx_word' id='word_1_345' title='bbox 242 4637 303 4692; x_wconf 73' lang='lat' dir='ltr'><strong>aaa</strong></span> <span class='ocrx_word' id='word_1_346' title='bbox 320 4635 476 4709; x_wconf 79' lang='grc' dir='ltr'><strong>μιτάληψις;</strong></span> <span class='ocrx_word' id='word_1_347' title='bbox 494 4637 579 4711; x_wconf 71' lang='grc' dir='ltr'><strong>ποῦ-ἥ</strong></span> <span class='ocrx_word' id='word_1_348' title='bbox 601 4637 652 4709; x_wconf 83' lang='grc' dir='ltr'><strong>ὅλη</strong></span> <span class='ocrx_word' id='word_1_349' title='bbox 679 4635 772 4708; x_wconf 79' lang='grc' dir='ltr'>φαιδρὰ</span> <span class='ocrx_word' id='word_1_350' title='bbox 800 4641 843 4690; x_wconf 74' lang='grc' dir='ltr'><strong>καί</strong></span> <span class='ocrx_word' id='word_1_351' title='bbox 870 4635 1123 4708; x_wconf 76' lang='grc' dir='ltr'><strong>ἀγγολοχαρμόοονος</strong></span> <span class='ocrx_word' id='word_1_352' title='bbox 1150 4636 1255 4708; x_wconf 51' lang='lat' dir='ltr'><strong>nisam</strong></span> 
     </span>
     <span class='ocr_line' id='line_1_43' title="bbox 116 4713 1227 4798; baseline 0.001 -18"><span class='ocrx_word' id='word_1_353' title='bbox 116 4725 233 4798; x_wconf 69' lang='lat' dir='ltr'><strong>(higna,</strong></span> <span class='ocrx_word' id='word_1_354' title='bbox 252 4725 270 4782; x_wconf 86' lang='lat' dir='ltr'><strong>l</strong></span> <span class='ocrx_word' id='word_1_355' title='bbox 290 4742 321 4793; x_wconf 81' lang='lat' dir='ltr'><strong>c,</strong></span> <span class='ocrx_word' id='word_1_356' title='bbox 341 4725 392 4784; x_wconf 87' lang='lat' dir='ltr'><strong>col.</strong></span> <span class='ocrx_word' id='word_1_357' title='bbox 413 4726 503 4796; x_wconf 77' lang='lat' dir='ltr'><strong>leco.)</strong></span> <span class='ocrx_word' id='word_1_358' title='bbox 1223 4713 1227 4724; x_wconf 62' lang='lat'><strong>¹</strong></span> 
     </span>
    </p>
   </div>
   <div class='ocr_carea' id='block_1_7' title="bbox 0 0 1613 5264">
    <p class='ocr_par' dir='ltr' id='par_1_10' title="bbox 0 0 1613 5264">
     <span class='ocr_line' id='line_1_44' title="bbox 0 0 1613 5264; baseline 0 0"><span class='ocrx_word' id='word_1_359' title='bbox 0 0 1613 5264; x_wconf 95' lang='lat' dir='ltr'><strong> </strong></span> 
     </span>
    </p>
   </div>
  </div>
 </body>
</html>
