3212 5264
890 299 930 362 18

295 515 385 598 pula,
421 520 458 581 ut
482 514 653 581 sororibus
678 513 756 580 aliis
779 513 916 594 praefici
939 512 1049 595 possit
1072 515 1107 577 et
1134 528 1155 575 a
1182 529 1331 576 sororum
1355 507 1525 575 communi

297 623 475 706 expetitur,
512 619 720 704 dispensatio
754 621 837 686 haec
861 624 926 700 est,
961 619 1049 685 sicut
1077 617 1127 682 ait
1155 635 1181 682 s.
1204 615 1364 698 Basilina
1399 619 1435 682 et
1457 634 1524 681 non

298 728 494 811 dissidium3
530 726 630 794 absit
675 727 799 808 Utique
823 727 865 792 ab
889 744 937 810 eo,
973 725 1057 807 quod
1086 723 1161 805 quis
1187 725 1247 789 sub
1283 720 1423 804 imperio
1455 720 1525 787 rite

297 835 408 920 luerit,
442 834 605 914 ascendit,
630 838 668 900 ut
690 833 842 916 legitime
870 829 1041 915 imperet.“
1088 831 1160 897 Hoc
1183 835 1295 896 autem
1324 829 1396 895 loco
1419 829 1526 895 Theo·

298 942 397 1009 dorus
431 947 510 1008 ante
539 941 652 1008 oculos
686 941 789 1006 hahet
812 938 936 1007 Basilii
964 937 1111 1022 regius
1137 935 1271 1016 36,υυί
1304 935 1355 1002 sic
1377 935 1523 1018 legitur:

303 1049 476 1132 „Ceterum
513 1047 542 1114 si
579 1047 664 1113 alius
700 1047 765 1112 alio
800 1047 956 1112 trahatur
991 1049 1127 1128 propter
1149 1043 1286 1110 Domini
1320 1042 1524 1126 mandatnm,

297 1156 385 1222 tales
398 1174 462 1222 non
479 1156 677 1222 submovent
690 1172 736 1237 se,
754 1153 813 1220 sed
826 1171 960 1220 munere
973 1171 1013 1218 ac
1024 1151 1213 1218 ministerio
1233 1169 1291 1216 suo
1308 1147 1520 1233 funguntur.“

301 1263 485 1329 Praeterea
519 1261 711 1328 Theodorus
749 1260 917 1342 permittit
956 1277 1136 1341 secessum,
1176 1255 1304 1339 quando
1342 1256 1523 1323 monachus

297 1367 444 1434 moribus
480 1368 630 1434 difficilis
666 1387 740 1434 cum
773 1367 911 1433 licentia
940 1366 993 1432 sui
1019 1365 1198 1449 hegumeni
1221 1363 1263 1430 ad
1292 1362 1383 1429 aliud
1412 1381 1523 1428 mona-

298 1475 438 1542 sterium
461 1475 597 1552 transit,
621 1474 680 1541 ubi
704 1492 903 1557 progressus
927 1473 1039 1539 facere
1068 1471 1185 1556 possit.
1231 1471 1272 1536 In
1295 1469 1412 1536 eadem
1435 1469 1525 1536 enim

300 1582 444 1666 epistola
490 1581 531 1646 ad
568 1581 823 1666 Euphrosynen
868 1581 1088 1664 hegumenum
1134 1576 1264 1644 directa
1311 1576 1361 1642 sic
1409 1594 1521 1660 prose-

297 1688 409 1769 quitur
425 1685 464 1772 1):
502 1687 587 1772 „Est
613 1707 711 1770 porro
734 1693 769 1755 et
792 1689 900 1754 altera
928 1685 1146 1768 dispensatio,
1182 1703 1266 1765 quae
1289 1683 1374 1766 apud
1408 1687 1523 1766 patres
1597 1739 1598 1788 ἦ

298 1801 431 1862 nostros
467 1795 630 1862 cernitur:
666 1795 794 1877 quando
829 1795 941 1861 anima
968 1793 1104 1876 ingenio
1128 1797 1163 1858 et
1194 1791 1342 1857 moribus
1373 1789 1523 1855 difficilis

296 1907 373 1986 post
395 1903 535 1968 multam
559 1907 593 1968 et
616 1903 749 1986 longam
772 1902 985 1986 diligentiam
1014 1901 1056 1966 ad
1080 1900 1182 1965 aliam
1218 1897 1522 1982 congregationem,

296 2015 455 2093 tauquam
478 2009 574 2075 utilis
591 2009 640 2075 ihi
656 2009 778 2093 futura,
801 2010 949 2074 transire
973 2007 1148 2090 delegerit,
1174 2007 1329 2072 arborum
1344 2005 1414 2070 ritu
1438 2021 1524 2084 quae

297 2117 338 2182 ab
361 2135 425 2182 uno
438 2113 474 2182 in
491 2115 593 2181 alium
616 2116 723 2182 locum
745 2116 1047 2198 transplantantur.
1075 2114 1121 2180 ut
1144 2114 1206 2179 hoc
1229 2131 1309 2196 ergo
1334 2112 1364 2178 si
1388 2111 1523 2186 feceris,

297 2224 414 2290 subest
437 2224 548 2304 aliqua
571 2223 671 2289 ratio:
706 2223 857 2304 utrisque
880 2221 1049 2305 videlicet,
1084 2225 1156 2287 tum
1179 2238 1229 2303 ea,
1261 2235 1346 2300 quae
1369 2217 1524 2300 dimittit,

296 2334 440 2412 tumea,
475 2348 559 2411 quae
587 2327 720 2413 recipit,
755 2329 994 2397 adiuvantibus
1019 2346 1056 2394 se
1079 2332 1201 2411 mutuo,
1235 2331 1273 2392 ut
1300 2325 1522 2409 apostolicum

295 2441 509 2520 praeceptum
544 2437 736 2519 impleatur:
773 2436 871 2502 Alter
909 2435 1051 2502 alterius
1087 2452 1188 2500 onera
1221 2436 1362 2517 portate,
1401 2437 1436 2498 et
1471 2431 1523 2496 sic
1597 2461 1598 2466 ’

296 2543 476 2627 adimplete
498 2544 608 2627 legem
622 2539 778 2611 Christi.“
816 2542 979 2608 Similiter
1002 2541 1086 2608 dicit
1101 2540 1292 2607 Theodorus
1316 2539 1352 2604 in
1376 2537 1525 2622 epistola

299 2651 361 2717 164
376 2651 457 2718 libri
472 2651 506 2717 II
519 2648 558 2735 2);
586 2650 690 2734 „Eum
713 2653 835 2734 autem,
860 2649 916 2732 qui
932 2647 1100 2716 rescissus
1117 2652 1179 2731 est,
1204 2648 1246 2714 a'o
1263 2646 1370 2712 altero
1395 2645 1525 2727 suscipi

296 2758 517 2824 humanitatis
552 2758 676 2840 gratia,
710 2777 775 2823 non
802 2761 856 2823 ast
883 2760 1018 2839 praeter
1046 2755 1099 2822 ias
1123 2759 1158 2820 et
1186 2771 1339 2836 aequum3
1376 2752 1527 2818 simodo

297 2863 437 2946 peritior
461 2863 609 2929 medicus
633 2864 835 2942 inveniatur,
871 2863 927 2943 qui
955 2881 1029 2929 eum
1058 2866 1156 2928 sanet
1178 2879 1239 2927 neo
1263 2878 1283 2925 a
1305 2857 1527 2943 pereuntibus

298 2970 397 3036 simul
432 2967 647 3036 abducatur.“
701 2970 865 3036 Similiter
900 2987 1025 3036 canone
1060 2969 1099 3031 21
1131 2967 1226 3034 Gonc.
1253 2967 1318 3033 VII
1347 2966 1528 3034 Oecumen.

296 3076 514 3160 permittitur,
538 3081 575 3144 ut
590 3077 769 3144 monachus
794 3077 922 3142 alienus
945 3075 1167 3143 innumerum
1191 3073 1333 3140 fratrum
1356 3072 1530 3140 referatur

298 3183 467 3267 praelecto
491 3184 564 3250 eius
587 3183 793 3267 monasterii,
817 3202 839 3250 a
861 3203 923 3266 quo
947 3183 1116 3261 discessit,
1141 3179 1380 3248 consentiente.

543 3325 582 3392 Ε.
615 3326 671 3392 De
693 3326 920 3409 praelectis
944 3327 1006 3394 vel
1030 3325 1270 3409 hegumenis.

388 3432 479 3516 Quod
503 3433 628 3499 attinet
651 3433 693 3499 ad
717 3433 914 3501 electionem
941 3433 1209 3516 hegumenorum,
1236 3429 1427 3497 Theodorus
1451 3430 1531 3496 vult

300 3539 432 3608 servari
454 3539 575 3606 Basilii
599 3558 669 3624 reg.
693 3540 756 3607 fus.
779 3541 832 3616 43,
868 3541 990 3621 inqua
1014 3539 1185 3622 statuitur,
1217 3549 1255 3604 ut
1278 3556 1362 3604 unus
1387 3554 1405 3602 e
1431 3554 1531 3618 praa-

299 3645 519 3713 stantioribus
558 3647 728 3713 monachis
764 3647 851 3712 alius
882 3647 1079 3714 monasterii
1111 3647 1266 3728 eligatur.
1320 3643 1399 3709 Etsi
1437 3643 1532 3709 anim

299 3753 372 3836 ipse
408 3753 442 3819 in
480 3753 695 3821 Testamento
727 3773 785 3821 suo
817 3753 979 3836 quendam
1013 3752 1200 3820 solitarium
1240 3757 1413 3835 spectatae
1448 3749 1534 3817 fidei

299 3985 404 4048 δένδρων
421 3985 451 4032 ἐν
468 3985 539 4033 τοῦδε
555 3979 591 4044 οἱς
614 3982 682 4035 τόνδε
704 3982 784 4035 τόπον.
823 3981 886 4034 Ἐὰν
910 3978 953 4034 οὖν
970 3987 1015 4034 καί
1039 3989 1110 4036 τοῦτο
1132 3982 1270 4053 ποιήσειας,
1293 3979 1346 4052 ἔχει
1367 3983 1422 4032 τινὰ
1444 3979 1536 4050 λόγον·

300 4069 445 4140 ἀμφοτέρων
464 4070 587 4142 δηλονότι,
606 4077 653 4142 τῆς
670 4088 697 4122 τε
715 4070 869 4144 ὲπιδιδούσης
881 4075 986 4144 καὶτῆς
997 4072 1183 4143 ἐπιδεχομένης,
1196 4074 1378 4136 ουναιρομένων
1389 4068 1538 4140 ἀλλήλαις.

298 4159 471 4232 πληρουμένου
488 4167 532 4212 τοῦ
554 4163 722 4214 ἀποοτολικοδ
746 4162 964 4232 παραγγέλματος·
1003 4159 1146 4232 Ἀλλήλων
1167 4163 1200 4212 τὰ
1223 4160 1292 4232 βάρη
1315 4157 1462 4228 βαστάζω,
1488 4165 1538 4210 καί

299 4247 377 4312 οὗτος
394 4249 596 4320 ἀναπληρώσατε
612 4253 655 4303 τδν
672 4250 747 4316 νόμον
763 4258 806 4303 τοῦ
825 4249 941 4317 Χριστοῦ.
980 4249 1093 4320 (iligna,
1113 4249 1130 4304 l.
1152 4266 1183 4314 a,
1204 4250 1281 4314 1594,
1302 4247 1392 4316 1596.)

390 4337 729 4406 WMQHmh

390 4426 412 4498 ¹)
431 4425 509 4480 Libri
527 4427 557 4483 11
576 4427 657 4498 epist.
680 4431 743 4483 164:
835 4428 898 4483 Ἐάν
915 4431 943 4482 δὲ
965 4428 1039 4498 ἄλλῳ
1061 4431 1163 4482 δυνατὸν
1181 4423 1199 4498 ᾗ
1221 4430 1264 4482 τὸν
1284 4425 1426 4480 ἐκκοπέντα
1447 4427 1541 4498 προσῇ

299 4516 399 4568 mim
425 4518 494 4568 κατὰ
512 4517 705 4588 φιλανθρωπίας
727 4517 822 4584 τρόπον,
849 4518 898 4571 οὐκ
920 4516 968 4579 ἔξω
985 4524 1028 4572 τοῦ
1049 4515 1155 4580 οἰκότος·
1178 4514 1202 4570 οἴ
1224 4535 1254 4588 pe
1279 4515 1397 4587 οδροθτίη
1425 4519 1540 4586 ἐπιστη-

300 4605 465 4672 pandam
482 4603 607 4672 ἰατρεύειν,
638 4610 708 4660 ἀλλὰ
738 4608 775 4680 μὴ
803 4610 985 4674 ἀπολλυμένων
1013 4607 1259 4677 συμπαριφορόμτνος.
1306 4604 1421 4676 (Migne,
1451 4603 1471 4658 l.
1504 4621 1542 4667 a,

301 4693 463 4758 col.1521.)
