3212 5264
715 319 757 384 13

210 533 362 616 Denique
376 534 417 600 ad
427 533 667 616 professionem
678 535 871 616 pertinebat
880 533 1019 600 traditio
1034 533 1172 600 habitus
1186 533 1345 600 monasti·

119 642 163 724 oi,
179 645 217 707 ut
231 645 327 723 patet
343 659 383 707 ex
399 641 479 706 libri
495 641 530 706 Π
546 641 688 724 epistola
702 641 755 725 88,
771 660 869 723 quam
886 659 988 723 supra
1004 641 1192 708 citavimus,
1202 639 1225 726 1)
1259 640 1345 724 Quid

120 753 234 814 autem
246 748 382 814 habitus
396 747 576 831 peculiaris
589 747 793 814 monasticus
807 747 986 831 significet,
999 747 1146 830 explieat
1155 747 1346 814 Theodorus

118 855 236 922 verbis
254 853 360 923 divini
385 855 693 937 sapientissimique
710 853 866 939 Dionysii
874 854 913 938 ²):
940 855 1193 937 „Monaohorum
1210 854 1346 920 habitus

118 961 1341 1046 virginitatisestprofessioetmysteriumestmonaehioaoperleotionis.‘

117 1069 277 1136 Ceterum
294 1069 327 1134 iu
344 1069 510 1136 nonnullis
528 1069 743 1135 monasteriis
759 1074 839 1134 tuno
859 1069 1019 1150 temporis
1036 1069 1188 1151 geminus
1209 1069 1345 1136 habitus

118 1176 197 1241 dari
221 1175 341 1242 solitus
366 1181 432 1256 est3
457 1175 490 1242 in
516 1175 659 1258 epistola
687 1175 775 1242 enim
799 1176 831 1240 X
854 1175 933 1240 libri
955 1175 973 1240 I
997 1175 1187 1242 Theodorus
1211 1174 1347 1242 Nieolao

116 1283 312 1366 praeposito
329 1283 433 1350 eleeto
451 1283 501 1348 sie
517 1280 684 1367 scribitssl:
711 1283 780 1365 „Ne
797 1281 930 1348 dederis
946 1301 1096 1366 parvum,
1112 1301 1208 1364 quem
1223 1287 1347 1351 vocant

117 1390 274 1456 habitum
298 1407 337 1456 aa
352 1388 459 1457 veluti
474 1394 551 1470 post
567 1390 713 1472 spatium
729 1389 891 1472 temporis
912 1389 1055 1455 alterum
1070 1391 1162 1457 velut
1178 1409 1347 1474 magnum:

118 1516 206 1563 unus
240 1495 328 1563 enim
361 1501 415 1563 est
445 1497 592 1572 habitus,
627 1497 716 1563 sieut
743 1502 778 1562 et
806 1496 983 1580 baptisma,
1014 1497 1286 1577 quemadmodum
1313 1498 1348 1563 in

119 1623 214 1670 more
245 1603 310 1670 fuit
338 1609 527 1670 sauctorum
555 1601 718 1686 patrum.“
767 1603 958 1670 Theodorus
982 1604 1090 1687 igitur
1112 1604 1187 1672 vult
1215 1605 1348 1670 unicum

119 1711 197 1775 dari
219 1711 380 1777 habitum.

211 1836 264 1902 Ex
298 1836 413 1902 eadem
456 1835 600 1918 epistola
637 1841 732 1916 patet
767 1835 953 1918 praepositi
988 1835 1093 1902 fuisse
1129 1836 1349 1904 monasticum

119 1943 273 2009 habitum
308 1943 451 2010 tradere.
510 1943 572 2010 Sed
609 1943 641 2008 in
678 1943 822 2024 epistola
857 1943 920 2005 203
956 1943 1036 2009 libri
1071 1943 1106 2008 II
1141 1943 1186 2017 ad
1216 1944 1349 2010 Ireuam

119 2051 349 2132 praepositam
384 2049 546 2132 direptae)
575 2051 771 2132 supponitur
805 2051 995 2134 presbyteri
1025 2068 1101 2116 esse
1129 2051 1350 2118 monasticum

119 2157 273 2223 habitum
311 2157 446 2223 tradere
484 2155 611 2240 (διδόναι
650 2166 759 2244 σχῆμα
799 2155 950 2241 μοναχῷ).
1012 2157 1175 2222 Fortasse
1209 2156 1349 2224 traditio

119 2265 258 2330 habitus
283 2265 461 2330 monastici
484 2264 586 2330 fiebat
608 2282 668 2346 per
691 2266 936 2347 presbyterum.
962 2264 1091 2344 quando
1116 2265 1189 2345 ipse
1214 2282 1350 2347 praepo·

121 2372 210 2438 situs
242 2373 498 2455 presbyteratus
528 2371 696 2454 dignitate
725 2373 873 2450 carebat,
906 2389 967 2436 nee
990 2390 1054 2436 non
1077 2371 1111 2436 in
1134 2370 1350 2437 monasteriis

119 2478 307 2545 mulierum.

474 2639 512 2706 B.
537 2639 593 2706 De
615 2643 707 2708 voto
730 2638 998 2721 paupertatis.

211 2764 251 2832 In
274 2784 344 2848 reg.
368 2763 429 2830 ius.
457 2764 500 2826 44
522 2765 670 2830 Basilius
694 2751 892 2831 decreverat
914 2761 1086 2830 monacbis
1102 2764 1349 2847 negotiationes

120 2877 346 2954 quaestusque
386 2872 563 2954 eaupouios
603 2875 718 2954 utpote
757 2876 834 2939 voto
877 2871 1088 2954 paupertatis
1129 2871 1349 2939 adversantes

120 2979 298 3063 fugiendos
323 2976 442 3062 esse.⁵)
488 2979 535 3044 At
558 2979 690 3045 saeculo
714 2983 832 3046 octavo
848 2978 946 3060 plane
963 2979 1133 3044 contraria
1150 2978 1350 3044 consuetudo

122 3087 159 3152 in
196 3086 312 3152 multis
349 3086 565 3152 monasteriis
600 3085 751 3167 valebat3
788 3085 873 3150 lueri
908 3085 997 3151 enim
1042 3103 1144 3150 eausa
1184 3085 1276 3153 servi
1316 3089 1351 3151 et

120 3193 253 3274 peeoris
277 3211 399 3276 greges
424 3197 459 3258 et
481 3192 619 3259 feminei
643 3210 742 3258 sexus
766 3192 916 3258 iumenta
941 3192 1208 3272 acquirebantur.
1243 3192 1350 3258 Theo·

122 3299 224 3366 dorus
256 3298 362 3382 igitur
396 3299 536 3366 Platone
575 3301 758 3382 hegumeno
797 3301 1002 3381 approbante
1039 3301 1139 3364 turba
1176 3317 1348 3366 serrorum

124 3405 267 3472 dimissa
289 3408 455 3487 rebusque
479 3406 602 3472 ueteris
625 3406 661 3471 in
685 3405 913 3488 eleemosynas
938 3404 1027 3471 datis
1057 3405 1212 3471 strictam
1236 3409 1350 3472 obser·

121 3653 253 3726 ὁμοζύγου,
271 3658 314 3706 καί
331 3660 381 3706 τῶν
399 3651 578 3723 θεοφυλάιιτων
596 3651 698 3720 τὲιινώνγ
717 3655 760 3705 καὶ
777 3649 791 3704 ὃ
810 3649 845 3704 ἔτι
862 3651 1026 3719 ξενικώτερον,
1044 3650 1232 3718 &seraptem
1250 3659 1285 3722 τῷ
1303 3659 1351 3725 τῆς

121 3744 217 3806 ἐνιαίας
235 3744 304 3816 ζωῆς
321 3739 444 3815 ἰδιώματι,
462 3747 506 3795 καὶ
523 3741 699 3802 τελειωθέντες
716 3748 752 3813 τῷ
770 3742 834 3812 θείῳ
853 3742 1078 3814 μυσταγωγὴματι,
1091 3746 1134 3794 καὶ
1146 3738 1222 3804 αὖθις
1235 3759 1351 3815 καρηκο-

121 3839 218 3904 perro<
235 3831 403 3906 ipqpmoeriei
419 3832 590 3902 πολιεεώματι;
610 3830 726 3900 (lliigne,
746 3831 763 3886 l.
784 3846 815 3896 a,
836 3830 886 3887 eol.
908 3833 995 3900 1437).

214 3942 235 4010 1)
255 3940 296 3995 Of.
315 3955 380 4009 pag.
400 3940 432 3994 ll
451 3943 508 3994 not.
527 3941 553 3994 4.

212 4047 235 4116 ²)
254 4047 331 4100 Libri
349 4047 377 4100 11
396 4047 477 4116 epist.
498 4047 562 4104 165:
599 4043 636 4113 Tb
653 4052 703 4097 τῶν
721 4052 840 4116 μοναχῶν
859 4053 958 4118 σχῆμα,
971 4046 1109 4112 παρθενίας
1122 4043 1184 4097 ἐστὶν
1196 4042 1351 4116 ἐπάγγελμα,

121 4141 167 4191 nort
184 4137 318 4210 μώσεῆριόν
336 4135 386 4188 ἔστι
403 4143 546 4208 μοναχιιιής
564 4134 726 4197 τελειώσεως,
745 4137 811 4186 κατὰ
828 4136 876 4208 τὴν
894 4135 980 4206 φωνὴν
1001 4141 1044 4186 τοῦ
1068 4135 1139 4186 θείου
1160 4138 1204 4186 καί
1226 4134 1352 4205 πανσόφου

121 4228 259 4281 Διονυσίου,
297 4225 412 4295 (iligna,
433 4226 451 4280 l.
471 4242 502 4290 e,
523 4225 572 4280 eol.
593 4225 684 4294 1524.)

213 4333 237 4403 3)
255 4331 333 4388 Libri
350 4332 365 4386 I
384 4331 463 4400 epist.
483 4332 529 4387 10:
567 4331 601 4384 Ob
627 4330 698 4404 δοίης
726 4331 784 4398 ὅπερ
810 4329 909 4402 λέγουσι
936 4332 1022 4401 μικρὸν
1048 4337 1148 4404 σχῆμα,
1178 4327 1262 4383 ἔπειτα
1288 4332 1352 4402 μετὰ

120 4423 226 4496 χρόνους
244 4423 325 4490 ἕτερον
347 4422 383 4484 ὡς
405 4422 479 4494 μέγα.
517 4421 566 4475 Ἓν
589 4425 638 4493 γὰρ
660 4424 688 4474 τὸ
710 4429 810 4493 σχῆμα,
834 4421 915 4487 ὥσπερ
938 4425 981 4472 aul
1003 4421 1032 4472 τὸ
1055 4421 1191 4492 βάπτισμα,
1214 4420 1306 4481 καθώς
1328 4417 1351 4471 οἱ

122 4513 192 4585 ἅγιοι
210 4511 321 4580 Παιέρες
340 4511 490 4584 ἐχρήσαντο.
528 4510 646 4579 (iligna,
664 4510 684 4564 l.
704 4526 734 4576 a,
755 4509 806 4564 eol.
826 4509 899 4579 941.)
945 4549 947 4558 ,

214 4619 238 4690 ⁴)
257 4619 360 4690 iligne,
378 4615 448 4682 l.'o.‚
469 4619 519 4674 eol.
541 4618 618 4674 1617.

215 4724 239 4797 ⁶)
258 4725 350 4796 Opera
367 4725 455 4782 Basil.
476 4725 542 4780 edit.
561 4724 664 4780 Bened.
684 4728 704 4780 t.
724 4724 753 4779 11
771 4739 836 4794 pag.
856 4725 917 4782 548.
