3212 5264
675 323 694 386 5

71 543 164 605 sunt.
208 539 335 606 Statuit
356 539 496 620 denique
519 557 642 622 poenas
666 559 830 625 congruas
847 539 1008 606 fratribus
1029 557 1070 606 ox
1089 536 1183 602 inani
1199 555 1301 602 causa

72 646 117 711 ad
132 645 320 714 divinorum
343 647 540 729 hymnorum
564 647 717 729 synaxim
741 665 815 713 sero
840 647 1114 713 concurrentibus
1131 644 1186 711 uel
1204 643 1301 708 mini-

74 753 182 818 sterio
208 771 266 820 suo
291 757 422 819 statuta
451 754 534 820 hora
562 774 626 821 non
656 753 873 837 fungentibus
898 759 956 819 aut
980 772 1040 820 vas
1069 753 1300 834 frangentibus

74 864 134 925 aut
162 878 336 926 excessum
365 861 508 941 aliquem
532 862 586 928 vel
614 859 849 927 contumeliam
884 860 1034 941 proximo
1071 878 1129 924 suo
1157 857 1301 923 inferen-

72 964 211 1048 δωσεῖ)
248 967 289 1032 In
305 985 342 1033 eo
366 973 477 1032 autem
501 967 645 1034 maxime
670 967 816 1034 studium
841 967 913 1032 eius
937 967 1081 1048 positum
1107 971 1189 1048 erat,
1213 970 1250 1030 ut
1267 965 1302 1030 in

72 1075 279 1140 monasterio
302 1093 413 1140 rerum
438 1075 583 1140 omnium
607 1075 790 1141 communio
814 1079 849 1140 et
873 1075 1061 1155 aequalitas
1094 1077 1300 1149 servaretur;

74 1185 280 1263 quapropter
311 1182 497 1258 constituit,
522 1186 559 1248 nt
576 1181 761 1247 communia
777 1185 892 1246 essent
915 1182 1034 1264 omnia,
1058 1181 1160 1246 etiam
1177 1183 1301 1261 vestes,

73 1293 112 1352 ut
132 1287 361 1369 unusquisque
397 1290 576 1354 sortiretur
613 1307 654 1355 ea
678 1287 820 1372 quidem,
856 1288 976 1368 quibus
1011 1287 1192 1370 indigeret,
1227 1305 1302 1368 pro·

72 1395 186 1476 prium
209 1385 321 1461 autem
343 1395 428 1460 nihil
452 1395 520 1462 sibi
543 1392 779 1478 vindicaret.2)

167 1518 377 1602 Quantopere
402 1524 513 1586 antem
536 1519 689 1586 monachi
713 1520 748 1585 in
769 1519 972 1585 monasterio
997 1517 1170 1585 Studiensi
1195 1517 1301 1582 scien·

74 1625 139 1692 tiis
165 1626 361 1708 artibusque
384 1627 592 1707 vacaverint,
616 1631 712 1709 patet
735 1645 777 1693 ex
799 1627 854 1711 iis,
879 1644 963 1708 quae
986 1626 1022 1690 in
1045 1626 1124 1692 Vita
1147 1643 1173 1690 s.
1197 1625 1303 1690 Theo-

76 1733 152 1799 dori
187 1739 366 1800 narrantur
379 1733 420 1814 ³):
459 1735 534 1802 Una
567 1754 640 1800 cum
676 1753 805 1800 summe
840 1733 1067 1800 coenobiticae
1104 1731 1302 1814 disciplinas

166 1963 189 2034 1)
208 1962 274 2018 Vita
292 1963 330 2018 11.
352 1977 412 2031 cap.
436 1963 470 2017 21
495 2004 591 2020 ......
615 1961 686 2016 Οὔπω
709 1963 752 2015 καί
771 1962 785 2014 ό
807 1962 870 2014 καθ’
893 1962 964 2034 ἡμᾶς
987 1959 1101 2032 Μωίσῆς
1124 1967 1195 2021 ποιεῖ,
1218 1958 1304 2029 λαβὼν

74 2052 171 2105 ἐκεῖθεν
188 2054 233 2115 τὰς
251 2051 376 2124 ἀφορμάς,
401 2049 421 2104 εἰ
438 2053 481 2105 καί
498 2052 583 2125 μικρόν
600 2071 623 2104 τι
640 2053 694 2123 περί
710 2053 757 2124 τῆν
775 2051 865 2124 κλῆσιν
887 2050 1036 2122 διαφέρεται·
1059 2048 1237 2121 προχειρίζεται
1260 2051 1304 2120 μέν

74 2145 124 2214 γὰρ
144 2140 272 2194 διακονιῶν
289 2141 412 2212 κεφαλὰς,
438 2140 525 2214 τίθησι
544 2141 570 2194 δέ
594 2144 640 2204 τὰς
663 2139 798 2212 ὀνομασίας
821 2139 914 2203 οἰκείας
937 2147 972 2210 τῷ
996 2137 1178 2212 ἐπιτηδεύματι,
1202 2142 1305 2209 ἐπιστη-

74 2231 205 2303 μονάρχατ
227 2231 270 2283 καί
292 2228 425 2294 παιδευτὰς
448 2232 491 2282 καὶ
518 2229 671 2303 έπιτηρητὰς
693 2231 793 2292 τούτους
817 2229 986 2292 ἀποκαλέσας·
1010 2229 1147 2300 καθίστησι
1170 2226 1196 2280 δέ
1218 2227 1262 2278 καί
1280 2226 1305 2278 ἐν

74 2319 168 2383 ἄλλοις
185 2325 363 2393 προσηγορίαις
381 2321 438 2384 τοὺς
457 2320 560 2393 ἁπάσης
582 2327 630 2392 τῆς
654 2319 826 2392 ἀδελφότητος
849 2319 946 2392 μᾶλλον
970 2317 1168 2389 ύπερεξέχοντας,
1191 2309 1242 2368 οἷον
1264 2317 1305 2368 τόν

73 2413 105 2462 τὰ
125 2409 226 2482 δεύτερα
244 2411 358 2482 φέροντα,
381 2412 422 2462 τόν
440 2409 575 2482 οἰκονόμον,
599 2411 640 2461 τὸν
662 2409 849 2481 παροικονόμον,
873 2409 916 2460 καί
939 2409 994 2470 τούς
1017 2407 1052 2468 ώς
1076 2405 1163 2468 άλλως
1188 2403 1305 2476 ὠνομασ-

73 2499 170 2570 μένους·
194 2499 317 2552 ὲκανόνισε
339 2501 420 2572 μέντοι
442 2501 485 2552 καὶ
507 2507 566 2569 πᾶσι
589 2505 640 2560 τοῖς
664 2499 858 2570 πεπιστευμένοις
881 2501 926 2560 τὰς
952 2496 1084 2568 διαφόρους
1108 2494 1233 2557 διακονίας
1257 2493 1305 2545 ἀνὰ

74 2594 160 2660 μέρος,
185 2587 226 2641 διὰ
249 2594 339 2662 στίχων
366 2589 394 2641 ἐκ
426 2589 520 2661 μέτρων
546 2586 677 2660 ἰαμβικῶν.
728 2587 834 2664 Μᾶλλον
858 2586 884 2640 δέ
907 2587 1053 2658 σαφέστερον
1081 2582 1154 2637 εἰπεῖν
1181 2584 1230 2636 ἀπό
1258 2590 1305 2655 τῆς

73 2682 233 2751 κυριωτάτης
255 2679 298 2731 καί
325 2679 434 2751 πρώτης,
462 2679 528 2751 φημί
556 2675 590 2750 δὴ
617 2685 664 2751 τῆς
690 2685 733 2730 τοῦ
760 2677 900 2750 ἡγουμένου
923 2675 1071 2747 ἀρξάμενος,
1095 2679 1139 2727 καί
1161 2675 1234 2746 μέχρι
1256 2681 1305 2744 τῆς

74 2769 219 2832 τελευταίας
236 2777 280 2824 τοῦ
297 2767 415 2840 ὀψοποιοῦ
432 2768 605 2831 καταπαύσας·
647 2768 755 2841 ποιήσας
773 2770 798 2820 έν
821 2767 919 2837 ἑκάστῳ
937 2773 985 2817 τῶν
1007 2785 1033 2817 τε
1057 2763 1240 2834 ἐπιβαλλόντων
1262 2763 1305 2816 καί

74 2866 123 2911 τῶν
146 2857 273 2931 μηδαμῶς
298 2858 472 2930 προσηκόντων
494 2859 540 2930 τὴν
563 2857 625 2910 καθ’
648 2857 764 2910 ὑπόθεσιν
787 2854 889 2928 εἴδησιν·
918 2855 1050 2926 διωρίσατο
1078 2853 1104 2906 δὲ
1127 2851 1305 2924 συνεκδοχικῶς

75 2949 118 3000 καὶ
136 2954 188 3010 τοῖς
206 2946 398 3020 διαμαρτάνουσι
415 2954 462 3019 τῆς
481 2945 647 3019 ὀφειλομένης
671 2945 781 3018 σπουδῆς
806 2946 849 2997 καὶ
871 2945 1058 3016 καθυστεροῦσι,
1081 2944 1146 2995 κατά
1173 2961 1226 2994 τινα
1248 2949 1306 3013 γοῦν

76 3037 247 3110 ἀπειρημένην
259 3035 346 3099 αἰτίαν,
365 3035 403 3088 ἐπὶ
416 3045 464 3109 τῆς
476 3045 525 3089 τῶν
543 3035 620 3088 θείων
638 3035 718 3107 ύμνων
737 3035 867 3096 συνάξεσιν·
891 3032 925 3086 ἔτι
943 3054 974 3106 γε
990 3034 1042 3106 μὴν
1060 3033 1102 3084 καὶ
1120 3041 1170 3095 τοῖς
1190 3031 1228 3084 ἐπί
1246 3039 1306 3082 πᾶσι

75 3135 124 3179 τῶν
156 3126 270 3198 ἀδελφῶν
302 3125 424 3198 ὑπηρεσίᾳ
452 3126 647 3198 συντεταγμένης
675 3125 743 3198 ὥρας
770 3125 988 3195 ἀποτυγχάνουσιν,
1016 3120 1073 3194 Ι’ίγτοι
1101 3129 1187 3183 σκεῦος
1215 3125 1306 3186 συντρί·

75 3218 167 3286 βουσιν,
195 3215 216 3288 ἢ
241 3214 369 3286 παροινίαν
399 3219 453 3268 τινὰ
479 3215 522 3268 καί
553 3213 693 3286 φαυλισμόν
719 3215 779 3286 πρός
806 3215 847 3266 τὸν
877 3211 955 3275 πέλοις
987 3215 1149 3282 ποιουμένοις,
1183 3209 1306 3281 ἀνάλογον

75 3305 216 3378 ἐπιτίμησιν
233 3304 360 3368 τεθεικώς.
399 3305 512 3374 (migne,
532 3305 550 3360 l.
571 3319 603 3370 υ,
623 3304 674 3360 col.
693 3304 766 3373 261.)

169 3393 192 3464 ²)
213 3392 281 3450 Vita
299 3394 321 3450 I.
341 3409 401 3462 τερ.
420 3396 462 3461 34,
482 3393 550 3449 Vita
568 3393 606 3450 II.
626 3408 685 3464 cap.
705 3393 747 3448 22.

168 3482 192 3551 ³)
209 3481 277 3538 Vite
294 3483 329 3542 Il.
349 3498 408 3552 cap.
428 3483 475 3541 29:
500 3522 561 3540 ....
583 3485 645 3554 μετὰ
663 3485 711 3555 γὰρ
729 3489 776 3554 τῆς
799 3478 833 3544 εἰς
852 3480 928 3552 ἄκρον
950 3481 1111 3552 κοινοβιακῆς
1130 3477 1243 3539 εὐταξίας
1264 3477 1307 3528 καί

75 3582 124 3646 τῆς
157 3580 295 3645 πρακτικῆς
328 3572 364 3634 ώς
396 3571 429 3624 ἐ’νι
465 3571 620 3644 φιλοσοφίας,
658 3569 714 3624 οὐδὲ
744 3579 792 3624 τῶν
824 3569 934 3644 λογικῶν
966 3569 1084 3641 ἀμέτοχυι
1116 3567 1307 3638 καθεστήκεσαν

75 3670 179 3735 τεχνῶν·
192 3661 318 3715 ἀλλὰκαὶ
330 3669 509 3734 γραμματικῆς
522 3662 582 3734 παρ’
600 3659 684 3722 αὐτοῖς
702 3661 867 3733 έφιλοπονεῖτο
885 3661 1052 3732 κατόρθωσις,
1072 3657 1094 3710 δί
1113 3651 1147 3730 ἧς
1165 3657 1185 3729 ῆ
1203 3673 1229 3708 τε
1246 3657 1306 3726 πρὸς

75 3755 104 3806 τὸ
129 3756 233 3824 γράφειν
256 3749 340 3823 ὀρθῶς
363 3750 482 3824 ἐγγίνεται
503 3757 555 3815 τοῖς
581 3751 743 3824 πεπονηκόσιν
775 3749 880 3822 εἷδησις,
905 3751 947 3802 καὶ
975 3751 995 3824 ἡ
1017 3751 1078 3822 πρός
1100 3749 1147 3820 τὴν
1170 3746 1308 3818 ἀνάγνωσιν

75 3842 220 3895 ἐντυποῦται
239 3839 323 3903 αὐτοῖς
342 3841 478 3914 ῆθικότης·
497 3842 540 3893 καί
558 3840 705 3912 φιλοσοφίας
729 3839 755 3894 δέ
777 3839 923 3912 τεχνολογία
950 3840 993 3892 καί
1016 3838 1147 3912 δογμάτων
1169 3843 1307 3908 πατερικῶν

76 3933 266 4005 ἀποστῆθησις,
277 3929 299 3984 δί
308 3926 342 3984 ών
351 3933 435 4005 πάσης
445 3929 563 4002 αἱρέσεως
568 3930 717 4003 φληνάφους
727 3929 868 4001 ἀνατρέπειν
878 3923 944 4001 εἰχον
950 3927 1123 4000 ἰσχνομυθίας,
1133 3925 1308 3997 συλλογισμοῖς

76 4021 209 4094 ἀληθείας
227 4023 271 4074 καί
289 4023 480 4095 συμπεράσμασι
492 4020 623 4092 χρώμενοι·
637 4019 662 4082 έξ
675 4013 709 4072 ὧν
726 4018 863 4091 σοφώτατοί
875 4038 901 4071 τε
918 4017 1088 4090 καλλιγράφοι
1099 4017 1141 4069 καί
1155 4013 1307 4087 ἱεροψάλται,

75 4110 238 4183 κονδακάριοί
263 4131 289 4164 τε
312 4113 354 4164 καί
377 4111 576 4184 ᾲσματογρόιφοι,
603 4107 705 4181 ποιηταί
727 4128 753 4160 τε
776 4108 819 4160 καί
846 4108 1003 4178 ἀναγνώσται
1030 4107 1167 4178 πρώτιστοι,
1196 4103 1308 4176 μελισταί

75 4222 105 4256 τε
136 4199 280 4254 άοιδόιιολοι
310 4199 342 4254 έν
355 4199 456 4272 Χριστῷ
484 4199 667 4272 έξεφάνθησαν·
696 4197 791 4269 ὁμοίως
819 4197 845 4250 δέ
870 4198 912 4250 καί
941 4196 967 4250 αἱ
993 4204 1041 4249 τῶν
1064 4195 1195 4265 βαναύσων
1217 4201 1308 4265 τεχνῶν

76 4289 245 4364 ἐπιτηδεύσεις
263 4290 326 4344 καθ’
344 4289 404 4343 όλου
431 4289 466 4352 ὡς
484 4286 557 4342 εἰπεῖν
578 4289 637 4356 παρ’
662 4287 746 4351 αὐτοῖς
769 4287 922 4361 ηὑρίσκοντο·
941 4287 1000 4338 όθεν
1023 4285 1127 4356 ύφάνται
1149 4303 1175 4336 τε
1197 4283 1242 4336 καὶ
1261 4283 1308 4354 ῥα-

77 4389 143 4453 φείς,
171 4379 314 4450 σκυτοτόμοι
336 4399 362 4432 τε
384 4379 427 4431 καί
450 4371 601 4452 σκηνοποιοί,
625 4377 768 4450 λεπτουργυί
790 4396 816 4430 τε
838 4376 880 4429 καί
905 4373 1039 4446 οἰκοδόμοι,
1067 4372 1193 4427 κανοποιοί
1215 4391 1241 4424 τε
1265 4373 1309 4424 καί

77 4469 262 4542 μαλακουργοὶ,
285 4469 329 4522 καί
347 4467 370 4521 οἱ
388 4467 429 4520 διὰ
451 4469 527 4540 πυρός
550 4468 593 4520 καί
615 4467 719 4540 σιδήρου
741 4469 772 4519 τὰ
796 4465 952 4538 λειτουργικὰ
975 4463 1199 4524 κατασκευάζοντες
1221 4462 1308 4533 σκεύη,

77 4561 151 4632 παρὰ
162 4565 197 4629 τῷ
213 4557 310 4630 έπιγείιμ
327 4557 406 4628 τούτῳ
424 4556 575 4630 δθεωροῦντο
593 4555 699 4629 οὐρανῷ·
716 4556 814 4609 πάντων
832 4557 895 4628 μετὰ
914 4552 1028 4616 εὐταξίας
1046 4554 1089 4606 καί
1106 4553 1202 4626 ῥυθμοῦ
1221 4551 1246 4604 έν
1257 4558 1308 4613 τοῖς

77 4649 165 4709 τόποις
192 4647 367 4720 καθεζομένων
388 4653 437 4698 τῶν
455 4644 584 4699 διακονιῶν
607 4645 697 4709 αὐτῶν,
726 4645 769 4698 καί
791 4647 823 4697 τὰ
846 4645 906 4696 θεῖα
929 4651 971 4696 τοῦ
994 4641 1070 4696 Δαυίδ
1092 4649 1127 4713 τῷ
1150 4649 1198 4693 τῶν
1220 4647 1309 4711 χειρῶν

79 4735 148 4810 ἔργῳ
178 4735 359 4808 ἀναμιγνύντων
388 4739 559 4807 τερετίσματα·
595 4735 638 4787 καὶ
668 4731 700 4807 ἧν
733 4731 792 4787 ἰδεῖν
826 4734 867 4786 τόν
902 4731 1039 4804 ἀμπελῶνα
1068 4729 1161 4803 Κυρίου
1192 4728 1309 4798 Σαβαὼθ
