3212 5264
875 305 896 370 8

270 538 361 589 vare.
371 518 395 604 1)
435 518 507 604 Qua
530 519 571 586 da
593 520 705 604 legum
728 519 911 588 violatione
934 519 1031 589 valde
1055 519 1171 587 dolens
1187 521 1378 587 Theodorus
1403 540 1500 587 omne

273 626 420 693 studium
454 628 489 694 in
525 645 562 694 eo
592 626 766 712 impendit,
812 648 832 693 u
884 628 1089 695 monasteria
1116 627 1157 693 ad
1194 629 1348 694 strictam
1385 630 1499 694 obser-

271 733 440 803 vationem
475 734 597 800 Basilii
631 735 747 818 Magni
783 735 988 819 Regularum
1021 732 1315 818 reverterentur.2)
1360 735 1498 801 Nicoiao

272 840 379 924 igitur
411 841 446 908 in
483 840 730 923 praefecturam
754 842 859 908 electo
893 839 929 907 in
963 859 1012 924 ep.
1036 841 1069 907 X
1099 841 1149 907 sic
1176 841 1344 924 praecipit
1357 839 1401 922 ³):
1430 841 1500 925 „Ne

273 949 540 1032 transgrediaris
564 949 658 1030 loges
675 953 710 1014 at
733 949 869 1030 regulas
883 953 1027 1031 patrum,
1051 949 1230 1031 praecipue
1255 948 1366 1014 sancti
1391 948 1500 1032 patris

272 1054 381 1122 nostri
397 1055 534 1122 Basilii:
560 1055 619 1121 sed
635 1055 794 1137 quidquid
816 1073 899 1138 agas
917 1055 1065 1139 dicasve,
1088 1059 1245 1136 tanquam
1270 1055 1501 1122 testimoninm

274 1181 315 1229 ex
339 1163 447 1228 sacris
481 1162 608 1228 littoris
633 1163 759 1229 habeas
784 1167 842 1228 aut
866 1180 906 1228 ox
929 1166 1072 1244 paterna
1095 1162 1343 1237 consuetudine,
1367 1161 1402 1227 id
1427 1180 1500 1245 age,

275 1270 349 1336 sinc
395 1268 502 1337 divini
540 1269 712 1352 praecepti
751 1265 1072 1352 praevaricatione.“
1133 1267 1180 1334 Et
1218 1268 1502 1334 archimandritae

277 1377 437 1444 Gotthiae
462 1377 545 1443 haec
570 1376 691 1443 scribit
701 1373 742 1460 4):
767 1375 838 1460 „Dc
861 1375 938 1441 aliis
963 1393 1119 1456 quorsum
1143 1393 1164 1440 a
1187 1377 1284 1442 nobis
1312 1375 1501 1456 quaesitum

275 1487 329 1549 est
351 1488 390 1549 ut
412 1482 697 1565 respondeamus?
727 1503 800 1549 cum
824 1501 883 1551 uos
912 1482 1076 1550 divinitus
1106 1482 1216 1549 edocti
1243 1483 1365 1548 librum
1388 1483 1503 1565 magni

273 1590 396 1657 Basilii
431 1589 549 1657 aDoo
582 1595 755 1657 exaratum
789 1589 954 1674 habeatis,
989 1588 1155 1656 dicentem
1184 1607 1267 1670 quae
1296 1589 1502 1655 monasticae
1593 1595 1594 1614 i

275 1714 334 1763 scu
358 1697 579 1764 coenobiacae
604 1695 697 1765 vitae
722 1697 887 1763 salutaria
911 1701 990 1762 sunt
1013 1701 1048 1764 et
1071 1696 1180 1780 utilia,
1204 1699 1330 1777 absquo
1355 1715 1417 1777 quo
1440 1714 1503 1762 nec

277 1806 466 1888 gubernare
490 1804 591 1887 digne
607 1805 678 1870 Deo
703 1805 813 1887 possit
834 1822 973 1887 praeses
990 1819 1052 1870 nec
1068 1803 1201 1870 utiliter·
1218 1803 1401 1887 gubernari
1426 1805 1502 1870 sub·

277 1911 378 1977 ditus.
424 1911 486 1978 Ille
509 1911 551 1977 da
574 1911 723 1993 quolibet
757 1916 792 1976 at
815 1916 1013 1994 argumento
1036 1915 1072 1976 et
1094 1911 1238 1977 materia
1267 1928 1385 1977 sacrae
1408 1911 1503 1978 vitae

276 2016 496 2084 coenobiacae
510 2018 647 2101 propria
659 2018 888 2100 interrogatus
900 2017 1133 2100 perspiritum
1146 2017 1502 2101 sanctumrespondet,

278 2123 394 2206 utqui
418 2125 491 2191 eius
515 2124 649 2191 ductum
674 2125 834 2208 sequitur,
864 2125 999 2191 ductum
1024 2129 1183 2205 sequatur
1207 2123 1354 2208 Spiritus
1383 2124 1503 2206 sancti,

282 2233 338 2314 qui
354 2232 386 2298 ei
402 2251 464 2299 non
484 2231 601 2316 crodit,
619 2231 762 2316 christo,
786 2231 842 2314 qui
857 2250 918 2314 per
934 2249 1009 2298 cum
1032 2231 1161 2298 locutus
1186 2236 1249 2309 est,
1273 2251 1338 2298 non
1358 2228 1503 2298 credat.“

276 2339 428 2421 Denique
472 2339 631 2406 monacho
671 2339 803 2405 cuidam
841 2338 970 2405 Basilio
1008 2337 1155 2404 inculcat
1192 2339 1341 2421 Regulus
1379 2337 1503 2404 Basilii

275 2446 393 2529 Magni
431 2446 467 2512 in
502 2446 717 2512 monasteriis
756 2451 827 2512 tam
860 2445 1009 2513 virorum
1047 2464 1145 2527 quam
1179 2446 1355 2512 mulierum
1390 2447 1502 2512 obsor-

276 2553 516 2634 rammasse,
553 2554 584 2619 si
606 2553 714 2622 velint
743 2553 816 2620 sina
845 2551 1024 2620 offensione
1048 2557 1084 2620 et
1115 2553 1373 2636 reprehensione
1396 2552 1503 2622 vitam
1595 2563 1596 2596 ³

279 2658 428 2744 agore.⁶)

278 2820 491 2832 ———

367 2917 390 2988 1)
408 2915 468 2971 Lib.
488 2919 501 2971 1
521 2916 602 2986 epist.
620 2914 701 2972 VIII:
730 2914 844 2988 Σήμερον
861 2918 919 2988 γὰρ,
937 2917 1028 2981 καθὼς
1047 2914 1074 2970 αἱ
1091 2915 1176 2970 λοιπαί
1203 2917 1282 2988 φωναί
1300 2923 1348 2990 τῆς
1375 2915 1505 2988 δσεὸιιησίς
1596 2953 1597 2970 ι

277 3025 333 3069 σου,
366 3004 466 3078 ἀκρισία
496 3013 566 3059 πᾶσα
588 3010 632 3058 καί
654 3003 813 3067 ἀνυποπαξία·
840 3004 1027 3077 ἐπερειδομένων
1052 3014 1102 3060 τῶν
1128 3009 1225 3059 πάντων
1248 3003 1336 3076 σχεδὸν
1358 3002 1430 3060 εἰπεῖν
1449 3011 1506 3068 ταῖς

278 3093 447 3167 ἀνθρωπίναις
474 3093 633 3168 συνηθείαις,
660 3098 704 3148 καί
730 3103 785 3158 ταῖς
811 3103 861 3148 τῶν
887 3097 1084 3168 προσεχεσείρων
1112 3093 1312 3168 διανραυησεσεν,
1341 3093 1367 3158 ie
1394 3093 1506 3158 ἐναντίας

277 3185 395 3258 ἐχούσαις
421 3191 470 3238 τῶν
497 3183 601 3238 ίνιολῶν
622 3192 665 3238 σου
688 3183 760 3238 Θεοῦ·
778 3185 822 3238 καί
845 3183 942 3257 μᾶλλον
964 3182 1113 3257 αἱρουμένων
1136 3193 1179 3238 σου
1198 3184 1274 3242 δεῖνος
1296 3186 1340 3239 καί
1362 3192 1405 3238 σου
1428 3183 1505 3247 δεῖνος

277 3274 418 3348 ίῃουμένου
440 3280 593 3348 παρατηρεῖν
610 3275 651 3327 εδν
673 3273 737 3345 βίον,
760 3273 781 3348 ἢ
802 3281 852 3328 τῶν
874 3272 1011 3328 θεσπεσίων
1034 3273 1153 3346 Πατίρων
1174 3273 1256 3348 ipsi-a
1298 3275 1412 3345 (Mignc,
1435 3274 1504 3340 1.ι.,

279 3363 330 3420 col.
350 3365 422 3432 930.)

368 3469 391 3541 ²)
412 3469 453 3530 cf.
472 3485 536 3540 pag.
556 3472 573 3525 3
591 3475 648 3528 not.
670 3471 693 3526 l.

369 3578 393 3645 θ)
413 3578 472 3634 niu.
493 3577 506 3631 l
525 3578 599 3648 epist
629 3579 666 3633 X:
685 3575 721 3631 Od
740 3577 859 3650 παραβῇς
877 3579 934 3641 τοὺς
953 3577 1042 3650 νόμους
1059 3577 1103 3632 ναί
1120 3578 1227 3640 κανόνας
1244 3585 1294 3631 τῶν
1312 3577 1438 3650 Παπίριον,
1461 3577 1507 3648 πρὸ

278 3687 307 3740 ηε
325 3667 422 3720 πάνεων
438 3674 481 3720 τοῦ
505 3666 577 3739 ἁγίου
600 3665 700 3738 Πατρδς
719 3667 794 3740 ἡμῶν
814 3665 954 3721 Βασελείου·
988 3666 1058 3720 ἀλλά
1079 3674 1130 3720 πᾶν
1156 3666 1192 3720 δτι
1215 3673 1291 3730 ποιεῖς
1314 3666 1335 3740 ἢ
1357 3667 1447 3738 λίηεις,
1470 3665 1507 3729 ὥς

279 3755 415 3830 μαρτυρίαν
438 3754 504 3828 ἔχων
526 3755 555 3808 διε
576 3763 626 3810 τῶν
650 3755 758 3828 Γραρῶν
779 3756 888 3829 πράξεις,
911 3756 931 3830 ἢ
953 3756 989 3820 ὡς
1015 3755 1043 3808 ἒν
1066 3764 1189 3830 πατρικῆς
1212 3775 1256 3809 σου
1279 3757 1426 3830 συνηθείας,
1449 3754 1508 3809 ἄνευ

279 3847 448 3920 παραβάσεως
467 3845 571 3918 ίντολῆς
590 3844 662 3900 Θεοῦ.
700 3846 815 3914 (Migne,
834 3845 852 3902 l.
873 3862 906 3910 ο,,
926 3846 976 3902 col.
995 3848 1069 3914 941.)

368 3971 394 4042 ⁴)
414 3971 473 4027 Lib.
493 3971 521 4026 11
540 3971 623 4042 epist.
644 3971 707 4027 164:
725 3969 800 4044 ‘resp
819 3969 845 4025 δδ
862 3979 911 4026 τῶν
930 3969 1024 4034 ἄλλων,
1043 3975 1066 4024 τί
1084 3971 1126 4024 καί
1145 3969 1343 4044 ίπεζητὴθημεν
1361 3969 1428 4032 δλως
1441 3969 1507 4024 ἀπο-

280 4063 414 4135 apud-‘qaum
447 4060 554 4134 ἐχόντων
580 4060 649 4133 ὑμῶν
672 4068 721 4114 τῶν
743 4059 912 4114 θεοδιδοίετων
939 4062 987 4134 τὴν
1009 4061 1183 4132 θεοχάραιιτον
1208 4059 1293 4130 βίβλον
1322 4067 1365 4114 σοῦ
1397 4059 1509 4134 μεηάλου

281 4150 423 4215 Βασιλείου,
447 4149 611 4205 διδάσκουσαν
631 4158 674 4205 σου
702 4149 844 4223 μοναδινοῦ,
873 4149 916 4204 εἴτ’
938 4146 980 4204 oia
1002 4150 1157 4220 εοινοβιανοῦ
1184 4148 1238 4220 βίου
1265 4153 1297 4202 τὰ
1324 4149 1438 4222 σωτήρια
1464 4149 1508 4202 ναί

281 4241 427 4316 ἀνησίρορα·
445 4236 479 4314 ἧς
496 4243 576 4314 χωρίς
595 4239 640 4294 οδε
658 4239 722 4294 ἔστιν
744 4237 799 4294 οὔτε
821 4239 1006 4314 ααθοδηηῆσαι
1029 4240 1183 4310 θεοπρεπῶς,
1207 4237 1262 4293 οὔτε
1285 4237 1509 4312 εαθοδηηηθήνιιι

281 4330 423 4395 λυσιτελῶς,
442 4331 485 4385 ναί
503 4330 613 4404 ἄρχοντα
637 4331 680 4385 ναί
698 4329 843 4402 ἀρχόμενον.
879 4329 990 4394 Ἐκεῖνος
1009 4328 1166 4402 ἒρωτώμενος
1184 4327 1222 4382 aa
1240 4333 1309 4400 πάσῃ
1330 4327 1448 4382 ἀποθέσει
1465 4327 1509 4380 ναί

282 4420 385 4494 ἀφορμῇ
403 4429 450 4494 τῆς
469 4419 494 4474 ἓν
511 4421 625 4493 εοινοβίιρ
644 4419 711 4493 ἱερᾶς
731 4421 809 4494 ζωῆς,
831 4419 871 4474 διὰ
890 4419 1035 4492 Πνειίμαεος
1055 4416 1126 4492 ἁγίου
1145 4417 1313 4490 ἀποείιεριεαι·
1332 4417 1375 4472 καί
1393 4417 1407 4471 δ
1424 4416 1509 4488 truvo

282 4517 394 4582 σουιχῶν,
413 4509 545 4583 ίσσοίχησε
562 4517 598 4582 τῷ
620 4509 685 4584 ἁγίῳ
708 4510 841 4584 Πνεείματε·
866 4510 879 4564 δ
904 4508 926 4564 δ’
949 4507 1017 4581 αὐτῷ
1040 4507 1159 4572 ἀπειθῶν,
1183 4507 1309 4582 ὴπείθησε
1332 4514 1368 4580 τῷ
1390 4506 1416 4562 ἀν
1440 4505 1509 4578 αἰνῷ

282 4599 449 4674 ρθεγξιιμενῳ
466 4598 577 4672 Χριστῷ.
615 4600 731 4669 (iligna,
750 4599 768 4657 l.
788 4615 820 4666 c..
840 4599 892 4656 οολ
913 4600 1003 4668 1520.)

373 4715 398 4788 ⁶)
417 4715 477 4773 Lib.
496 4716 525 4772 11
544 4715 626 4786 epist
647 4717 698 4774 lea
716 4717 832 4786 (iiigne,
851 4714 869 4772 l.
889 4731 921 4783 a,
941 4714 991 4772 cot
1014 4713 1101 4785 1564.)
