3212 5264
588 1156 842 1260 Praefatio.

190 1497 239 1563 Ss.
271 1497 432 1560 Dominus
466 1497 588 1561 Noster
620 1497 687 1562 Leo
721 1495 836 1592 divina
874 1495 1085 1577 providentia
1117 1491 1209 1576 Papa
1241 1497 1325 1561 Xlll

97 1621 211 1686 literis
236 1621 441 1702 Apostolicis
469 1621 665 1702 „Singulare
693 1619 918 1702 praesidium“
945 1621 976 1684 d.
1001 1621 1030 1684 d.
1058 1620 1107 1683 12.
1132 1620 1212 1684 Maii
1240 1611 1324 1682 1882

98 1745 258 1827 ostendit,
292 1750 416 1824 quanta
450 1745 595 1810 caritate
629 1744 787 1811 Ordinem
819 1745 1050 1810 monachorum
1079 1746 1323 1810 Basilianorum

99 1873 141 1934 ob
166 1869 334 1934 utilitates
359 1869 535 1934 Ecclesiae
560 1870 752 1935 Catholicae
776 1889 839 1935 non
865 1869 958 1934 modo
982 1875 1108 1950 partas,
1139 1869 1324 1935 sedetiam

101 1994 285 2074 sperandas
311 1994 541 2074 amplectatur.

193 2118 256 2182 Sed
292 2118 466 2183 dolendum
502 2123 569 2200 est,
609 2119 693 2198 quod
734 2119 882 2200 origines
918 2125 952 2183 et
991 2119 1197 2184 incrementa
1231 2118 1323 2183 illius

100 2241 276 2308 veterrimi
305 2243 480 2308 Ecclesiae
511 2243 695 2310 Orientalis
724 2243 860 2309 Ordinis
890 2243 988 2308 valde
1016 2244 1172 2324 neglecta
1203 2245 1324 2323 iacent

100 2368 200 2431 immo
236 2385 278 2430 ne
313 2367 554 2432 commentaria
590 2367 721 2447 quidem
756 2369 791 2432 in
821 2369 969 2450 Regulus
1003 2387 1028 2432 s.
1059 2367 1180 2432 Basilii
1209 2369 1324 2450 Magni

100 2491 323 2570 reperiuntur.

190 2615 352 2694 Equidem
369 2614 492 2693 libello,
519 2616 572 2680 cui
592 2616 712 2680 titulus
734 2621 788 2680 est
805 2616 845 2681 de
861 2615 1001 2698 Regulis
1019 2636 1044 2681 s.
1060 2617 1182 2682 Basilii
1198 2617 1324 2699 Magni,

100 2739 349 2818 inquisitionem
383 2740 418 2804 in
446 2740 595 2821 origines
626 2745 660 2804 et
687 2740 894 2805 incrementa
918 2740 1053 2808 Ordinis
1077 2741 1323 2806 Basilianorum

101 2883 204 2942 usque
230 2863 270 2928 ud
288 2864 456 2929 saeculum
477 2884 596 2930 nonum
612 2871 810 2946 prosecutus
829 2884 916 2942 sum;
941 2866 1034 2930 ouius
1050 2865 1157 2931 libelli
1173 2865 1323 2930 ultimam

95 2993 232 3068 partem
257 2989 485 3054 consentiente
509 2989 796 3055 Reverendissimi
820 2990 1059 3072 Theologorum
1081 2990 1325 3055 Oatholicorum

102 3111 227 3178 Ordine
259 3111 503 3179 Univcrsitatis
537 3113 815 3181 Vratislaviensis
849 3115 890 3178 ad
927 3115 1067 3194 gradum
1099 3115 1256 3180 Doctoris
1289 3115 1323 3179 in

101 3237 152 3301 Ss.
182 3235 362 3318 Theologia
395 3237 609 3302 obtinendum
642 3237 734 3320 typis
769 3217 1022 3304 exscribendum
1056 3215 1184 3320 curavi;
1218 3244 1324 3304 totum

101 3379 180 3426 vero
206 3361 395 3441 opuseulum
421 3361 589 3440 posterius
613 3361 648 3426 in
671 3362 777 3426 lucem
800 3362 956 3443 prodibit.
