3212 5264
772 283 1011 416 *gg-W.

265 532 388 596 nacbos
411 551 475 598 non
492 532 585 598 modo
603 531 884 614 contemplationi,
909 530 967 596 sed
989 531 1093 597 etiarn
1109 531 1202 597 vitae
1226 533 1359 597 activae
1382 530 1494 612 operi·
1598 583 1599 612 ι

266 640 328 703 bus
344 656 466 704 vacare
482 639 596 706 voluit.
635 637 688 703 Ut·
704 637 791 703 enim
816 656 857 703 ex
871 637 952 703 Vita
976 657 1001 702 s.
1018 636 1182 703 Theodori
1205 641 1310 719 patet,
1336 637 1492 702 monachi
1598 653 1599 666 ³

267 745 437 810 Studitani
462 764 536 811 oum
560 739 675 827 opera'
686 743 823 810 fabrilia
846 743 1008 826 lecerunt,
1032 747 1102 808 tum
1135 743 1333 825 liberalibus
1359 744 1494 808 artibus

265 856 480 919 vacaverunt.
537 850 748 916 'tradebatur
787 851 874 916 enim
913 851 949 916 in
988 851 1057 915 illis
1098 851 1301 916 monasterio
1338 851 1495 916 doctriua

267 957 518 1042 grammaticae,
547 955 777 1040 philosophiae
801 957 989 1040 artificium,
1018 958 1168 1023 doctriua
1192 962 1335 1041 patrum,
1365 962 1402 1023 ut
1424 977 1496 1023 mo·

266 1065 365 1130 nachi
382 1065 591 1133 ad‘cuiusvis
607 1065 787 1130 haereseos
805 1083 913 1147 nugas
933 1064 1132 1132 evertendas
1151 1083 1288 1130 acumen
1305 1063 1496 1130 disserendi
1598 1071 1599 1074 ’

269 1171 491 1253 acquirerent.
537 1172 592 1237 Ita
622 1177 732 1237 autem
762 1170 886 1236 factum
914 1176 976 1255 est,
1004 1176 1042 1236 ut
1065 1189 1105 1238 ex
1131 1173 1195 1237 hac
1224 1171 1402 1254 disciplina
1426 1172 1497 1238 sci-

266 1278 393 1344 tissimi
417 1277 628 1362 calligraphi,
660 1278 869 1359 hieropsalti,
904 1278 1100 1344 eontaciarii
1125 1283 1159 1344 et
1183 1279 1389 1344 canticorum
1414 1297 1497 1343 auc-

266 1389 368 1468 tores,
382 1390 508 1470 poetae,
524 1386 667 1451 lectores
684 1385 809 1464 eximii,
826 1384 957 1467 melodi,
972 1385 1219 1453 versificatores
1237 1389 1458 1468 emergerent.
1482 1384 1496 1468 )

266 1493 369 1558 Immo
393 1497 428 1558 et
451 1493 477 1558 ii
500 1493 662 1575 monachi,
696 1492 751 1573 qui
775 1510 875 1574 opera
898 1491 1035 1557 fabrilia
1063 1492 1209 1576 obibant,
1243 1492 1338 1558 iuxta
1361 1492 1497 1558 Uonsti-

266 1599 429 1665 tutionem
457 1599 654 1665 monasterii
678 1597 882 1676 Studitani2)
907 1604 1057 1681 tempore
1082 1618 1102 1663 a
1125 1599 1240 1664 laboro
1263 1599 1370 1665 libero
1394 1597 1495 1664 libris

267 1706 419 1788 legendis
455 1724 576 1773 vacare
612 1705 788 1772 debebant.
847 1705 965 1787 sicque
1007 1705 1246 1772 monasterium
1282 1706 1496 1772 Studitanum

266 1812 360 1879 velut
383 1812 600 1879 seminarium
624 1813 830 1878 christianae
858 1812 1088 1894 philosophiae
1112 1817 1146 1879 et
1169 1811 1360 1895 theologiae
1385 1818 1497 1895 syste·
1598 1827 1599 1902 ι

267 1919 414 1984 maticae
438 1919 511 1984 fieri
527 1939 552 1985 s.
568 1919 760 1985 Theodorus
784 1919 899 1987 voluit.
945 1920 991 1983 ut
1013 1917 1087 2000 ipse
1110 1920 1281 1985 monachis
1306 1920 1494 2001 exemplum

268 2025 434 2106 praebuit,
460 2025 553 2091 ouius
570 2025 621 2091 rei
646 2031 878 2109 argumentum
902 2023 1009 2106 ipsius
1034 2044 1135 2105 opera
1158 2026 1349 2109 dogmatica
1374 2025 1496 2108 sunt.³)
1598 2009 1599 2050 ³

271 2168 484 2176 ——---.

358 2235 379 2304 ¹)
399 2234 439 2289 cf.
460 2251 524 2304 pag.
543 2236 560 2289 5
579 2239 637 2290 not.
656 2238 681 2290 3.

356 2341 379 2410 2)
399 2342 568 2412 Hypotypos.
589 2345 635 2396 ab:
654 2343 698 2395 Δεῖ
713 2340 804 2395 εἰδέναι
817 2341 852 2394 ύτι
865 2347 891 2396 ἐν
903 2335 944 2407 αἷς
956 2343 1065 2415 ἡμέραις
1077 2341 1167 2413 ἀργίαν
1179 2341 1272 2414 ἄγομεν
1283 2350 1333 2395 τῶν
1345 2351 1499 2410 σωματικῶν

267 2429 352 2503 ἔργων,
371 2431 455 2498 κρούει
474 2431 488 2483 h
506 2431 669 2502 βιβλιοφύλαξ
687 2437 716 2485 τὸ
734 2432 807 2493 ξύλον
827 2432 904 2494 ἅπαξ,
923 2437 969 2484 καί
987 2436 1132 2502 συνάγονται
1150 2429 1173 2484 οἱ
1192 2434 1296 2502 αδελφοί
1313 2429 1349 2495 εἰς
1366 2437 1409 2484 τὸν
1420 2432 1499 2484 τόπον

266 2527 315 2572 τῶν
333 2521 442 2590 βιβλίων,
460 2525 506 2574 καί
523 2521 647 2590 λαμβάνει
665 2521 771 2585 ἕκαστος
792 2520 894 2590 βιβλίον,
917 2526 963 2573 καί
986 2521 1167 2592 ἀναγιγνώσκει
1191 2522 1239 2584 ἕως
1257 2519 1312 2591 ὀψέ·
1332 2526 1380 2588 πρὸ
1398 2524 1425 2573 δὲ
1447 2528 1500 2572 τῶν

267 2609 437 2681 σημαντήριον
462 2616 506 2662 τού
528 2612 654 2680 λοχνιιιοῦ,
677 2609 762 2677 κρούει
786 2613 862 2664 πίιλιν
886 2609 954 2671 ἅπαξ
977 2609 990 2660 ὁ
1014 2607 1054 2662 ἐπὶ
1080 2617 1129 2662 τῶν
1156 2610 1266 2680 βιβλίων,
1294 2615 1341 2663 καί
1367 2610 1499 2681 ἐρχόμενοι

267 2702 358 2762 πάντες
376 2703 445 2752 κατὰ
462 2699 509 2771 τὴν
528 2700 678 2772 ἀναγραφὴν
696 2704 889 2771 ἀποστρέψουσιν
908 2697 981 2752 αὐτὰ·
1000 2696 1021 2750 εἰ
1040 2703 1068 2752 δέ
1085 2717 1122 2763 τις
1141 2698 1255 2766 ύστερίσει
1272 2696 1308 2763 εἰς
1320 2701 1367 2772 τὴν
1379 2699 1500 2752 ἀπόδοσιν

267 2794 315 2859 τῆς
333 2788 429 2858 βίβλον,
447 2791 561 2858 ἐπιτιμίῳ
580 2787 757 2857 ὑποβάλλεται.
796 2787 909 2858 (Μίςοο,
928 2787 947 2842 l.
967 2803 997 2852 α,
1018 2787 1069 2842 ool.
1090 2788 1180 2856 1713.)

357 2895 380 2963 ³)
399 2894 491 2963 Opera
514 2894 673 2962 dogmatica
703 2893 830 2949 studitae
857 2893 929 2962 apud
959 2894 1061 2962 higna,
1088 2894 1105 2949 l.
1131 2910 1162 2958 α,
1187 2893 1238 2949 col.
1262 2896 1315 2948 327
1341 2909 1415 2962 seqq.
1453 2895 1498 2948 De

269 2984 369 3050 quibus
388 2989 486 3037 auctor
508 2983 591 3038 Vitae
609 2983 624 3036 I
642 2982 683 3037 sic
701 2982 819 3037 iudicat:
847 2982 915 3050 Πρὸς
943 2987 1036 3048 πάσαις
1059 2989 1087 3036 et
1110 2989 1155 3036 καί
1178 2984 1264 3052 βίβλος
1286 2984 1435 3056 Δογμοιτιιιὴ
1459 2991 1498 3054 τῷ

268 3073 395 3144 φιλολόγῳ
417 3072 579 3143 ἐξείργασται·
603 3076 628 3124 ἐν
650 3065 668 3142 ᾗ
691 3070 785 3143 στερροὶ
807 3073 878 3143 λύγοι
901 3077 946 3124 καί
972 3070 1138 3144 ἀντιρρητικοί
1166 3075 1317 3139 θαυμασίως
1340 3073 1432 3126 τούτων
1454 3072 1500 3134 ἑξ-

267 3167 418 3235 ησαημένοι,
437 3167 480 3214 καί
498 3167 530 3214 τα
547 3169 596 3214 τῶν
614 3160 799 3233 Εἰκονομίιχων
816 3167 957 3232 σοφίσματα
977 3162 1126 3226 διαλύοντες·
1145 3160 1266 3233 ἄνχονσες
1278 3160 1366 3226 αύτούς
1378 3162 1424 3214 καί
1442 3159 1497 3214 οὐδ’

268 3256 383 3305 ἀναπνεῖν
400 3251 510 3314 συνόλως
528 3255 623 3315 ἐῶντες,
643 3253 712 3304 ἀλλὰ
734 3259 790 3315 ταῖς
813 3252 952 3323 ἀληθιναῖς
974 3258 1023 3303 τιῐιν
1046 3255 1177 3322 δογμάτων
1200 3255 1332 3319 προτάσεσι
1353 3253 1381 3303 τὸ
1405 3252 1499 3320 ψεῦδος

268 3339 350 3394 αὐτῶν
367 3340 581 3409 καταβάλλοντες.
620 3340 735 3408 (hligne,
754 3339 772 3394 l.
793 3355 824 3406 α,
845 3338 895 3394 col.
917 3339 988 3405 153.)
