3212 5264
895 277 936 340 10

811 367 1022 376 —u———u

300 493 443 576 patricio
453 490 652 578 declarat¹):
671 491 803 576 „Leges
815 510 896 574 crgo
911 490 1047 560 divinae
1064 495 1151 575 sunt,
1167 489 1308 574 domina,
1324 495 1360 558 et
1376 509 1536 570 amores,

303 600 421 682 quibus
446 599 579 667 ducitur
603 597 754 681 quisquis
784 599 946 682 pietatem
969 598 1060 682 colit,
1091 595 1209 680 quibus
1238 615 1300 664 nec
1328 597 1407 664 addi
1435 597 1536 680 quid·

305 725 403 789 quam
426 706 478 774 fas
503 712 557 774 est
580 725 642 772 nec
665 702 828 772 detrahi.“

391 813 463 898 Qua
494 813 646 898 generali
678 813 914 881 observatione
945 813 1134 895 praemissa
1166 810 1208 876 ad
1242 810 1378 894 singula
1410 811 1538 878 merita

302 921 465 988 Theodori
481 920 635 987 Studitae
650 919 691 986 dc
706 919 864 986 instituto
876 917 1050 986 Basiliano
1065 923 1288 984 transeamus.
1322 919 1372 984 Ac
1389 917 1537 1001 primum

302 1028 433 1109 quidem
463 1045 663 1111 exponemus
698 1032 856 1109 quantam
887 1044 1021 1109 operam
1054 1025 1111 1092 ille
1139 1023 1284 1109 dederit,
1317 1029 1355 1091 nt
1381 1024 1537 1109 Regulac

301 1135 424 1202 Basilii
452 1140 487 1202 et
515 1151 659 1201 canones
688 1134 910 1201 conciliorum
939 1132 1065 1200 adres
1099 1132 1303 1198 monasticas
1337 1137 1536 1215 spectantes

302 1243 455 1309 strictius
493 1244 767 1323 observarentur3
805 1241 925 1307 deinde
962 1239 1191 1318 ostendemus,
1231 1239 1350 1321 quibus
1387 1239 1536 1323 propriis

301 1349 470 1415 institutis
505 1349 659 1433 lacunas,
698 1366 783 1430 quae
816 1347 851 1414 in
885 1347 1007 1414 Basilii
1042 1345 1183 1429 Regulis
1227 1346 1333 1428 quoad
1369 1345 1537 1428 quaedam

301 1455 454 1539 practica
477 1454 642 1523 exercitia
664 1455 853 1521 monastica
874 1453 1016 1521 relictae
1038 1458 1147 1533 erant,
1172 1453 1389 1536 suppleverit.

304 1613 396 1714 fid.
438 1617 502 1699 De
529 1613 786 1716 praecipuis
816 1611 1040 1715 capitibus
1069 1611 1128 1694 ad
1160 1610 1535 1696 reformationem

303 1739 683 1823 monasteriorum
712 1760 739 1821 a
767 1759 803 1820 s.
832 1736 1065 1820 Theodoro
1094 1736 1270 1822 studita
1296 1739 1535 1839 peractam

753 1861 1076 1965 spectandum.

583 2009 621 2074 Α.
657 2009 714 2075 De
738 2005 988 2090 professione
1011 2005 1248 2074 monastica.

391 2113 505 2198 Quoad
535 2119 682 2182 aetatem
710 2115 751 2181 ad
782 2114 1023 2199 professionem
1055 2114 1276 2181 monasticam
1305 2114 1535 2182 necessariam

302 2221 494 2288 Theodorus
531 2221 715 2291 inculcavit
750 2227 965 2304 praeceptam
1001 2220 1124 2288 Basilii
1161 2221 1285 2305 Magni.
1339 2221 1407 2289 Hic
1445 2221 1535 2288 enim

301 2329 338 2396 in
370 2348 441 2396 can.
479 2330 520 2396 18
548 2329 646 2412 epist
676 2330 856 2396 canonicae
893 2328 1059 2396 secundae
1093 2333 1271 2412 statuerat,
1299 2333 1338 2400 ut
1364 2328 1535 2411 professio

301 2433 515 2520 virginitatis
538 2436 610 2504 deri
634 2442 749 2520 posset
772 2437 815 2503 ab
840 2454 924 2502 anno
948 2435 1073 2502 aetatis
1097 2435 1225 2502 decimo
1249 2441 1343 2504 sexto
1367 2442 1403 2503 et
1427 2435 1534 2518 uiura;

303 2561 401 2626 quem
413 2561 582 2628 canonem,
594 2547 632 2610 ut
644 2562 686 2612 ex
697 2561 824 2610 canone
836 2543 879 2606 40
894 2541 1034 2609 concilii
1045 2543 1197 2610 rPrullani
1208 2547 1313 2626 patet,
1326 2543 1536 2626 posteriores

303 2668 362 2734 per
385 2650 576 2733 analogiam
599 2650 641 2716 ad
665 2650 905 2734 professionem
921 2650 1141 2716 monasticam
1158 2669 1285 2732 quoqne
1300 2649 1536 2718 extenderunt

301 2757 494 2824 Theodorus
522 2757 629 2841 igitur
656 2757 754 2826 valde
782 2757 908 2840 dolens,
937 2756 1022 2839 quod
1050 2757 1158 2839 ipsius
1189 2763 1302 2826 aetate
1330 2761 1410 2824 ante
1436 2775 1537 2840 praa·

304 2863 429 2930 dictum
455 2881 576 2930 annum
592 2863 689 2946 pueri
704 2863 747 2930 ad
764 2863 1005 2947 professionem
1021 2864 1241 2930 emittendam
1256 2864 1535 2944 admittebantur,

302 2969 338 3036 in
360 2970 439 3037 libri
461 2970 497 3038 II
518 2971 661 3054 epistola
679 2971 741 3035 165
759 2971 968 3055 primitivam
983 2971 1104 3038 Basilii
1120 2971 1272 3055 regulam
1289 2971 1536 3040 observandam

301 3077 495 3158 inculcata:
544 3077 736 3162 „Ceterum
769 3078 826 3144 ubi
849 3078 948 3159 plane
973 3082 1141 3162 compotes
1173 3078 1316 3144 rationis
1353 3078 1421 3145 iam
1455 3085 1538 3144 sunt

391 3251 413 3322 ¹)
432 3251 493 3308 Lib.
512 3253 526 3306 1
546 3251 627 3320 epist.
648 3253 691 3306 27:
715 3251 798 3324 Νόμοι
814 3260 956 3324 τοιγαροῦν,
975 3247 996 3304 ὧ
1015 3251 1131 3314 δέσποτα,
1150 3253 1225 3318 θεῖοι,
1248 3253 1292 3306 aci
1309 3253 1411 3316 ιιανόνις
1429 3250 1492 3308 εἰσὶν
1513 3252 1539 3306 οἱ

302 3339 404 3412 ἄγοντος
436 3341 516 3394 πάντα
547 3343 590 3394 τὀν
621 3340 776 3410 εὐσεβοῦντα·
813 3342 870 3414 παρ’
903 3334 941 3404 οἶς
967 3340 1013 3396 oda
1032 3340 1095 3395 ἔστιν
1112 3339 1169 3395 σὐιι
1196 3342 1337 3414 πρόσθεσιν,
1368 3339 1423 3396 οὔτε
1450 3341 1539 3413 ὕφεσιν

301 3430 435 3484 ποιεῖσθαι.
476 3429 591 3502 (iligna,
610 3429 628 3486 l.
649 3446 680 3496 a,
701 3429 753 3485 col.
772 3432 846 3500 996.)

391 3518 416 3588 ²)
435 3518 495 3575 Lib.
514 3519 542 3573 Π
568 3517 649 3589 epist.
674 3519 738 3575 165:
771 3518 847 3592 Πλὴν
869 3518 906 3573 da
927 3522 990 3592 pardi
1012 3521 1059 3592 τὴν
1082 3519 1260 3594 συμπλήρωσιν
1281 3528 1324 3575 τοῦ
1346 3520 1431 3594 λόγου,
1453 3519 1539 3594 ἤγουν

303 3607 353 3660 ἀπὸ
379 3606 582 3670 ἐιιιαιδοιιαιτίας
609 3613 653 3662 ιιαί
671 3610 741 3680 πρὸς,
760 3609 821 3680 μεθ’
839 3601 874 3662 ὧν
891 3613 934 3662 aad
952 3613 1022 3681 τιμαί
1039 3614 1082 3663 ιιαί
1099 3616 1223 3682 τιμωρίαι,
1241 3611 1276 3667 ὥς
1297 3629 1373 3686 φησιν
1386 3608 1471 3671 αὐτὸς·
1491 3629 1538 3678 up

301 3696 384 3751 αὐτῶν
402 3695 558 3765 hammam
576 3696 633 3761 daia,
653 3703 696 3752 ιιαί
708 3699 875 3752 συνάπτεσθαι
886 3704 942 3761 ταῖς
955 3698 1110 3773 ἀδελφότητι
1119 3697 1160 3752 διὰ
1168 3707 1218 3773 τῆς
1230 3708 1373 3774 μοναχιιιῆς
1382 3699 1539 3762 τιλιιὼοιιυς

301 3788 461 3860 προστέταχι·
503 3792 546 3840 ναί
577 3785 660 3842 ἔκτοτε
692 3789 916 3860 μετατιθεμένοους
947 3791 1008 3857 πρὸς
1036 3791 1079 3843 τὸν
1096 3791 1239 3844 ιιοινιυνιιὸν
1256 3790 1317 3859 βίον,
1345 3789 1371 3852 ἐξ
1389 3789 1538 3863 ἀνατροπῆς

301 3885 423 3951 πονηρᾶς,
441 3875 507 3950 μηδι
526 3877 608 3944 θύραν
625 3877 771 3948 ἀνοίγεσθαι
790 3877 875 3939 αὐτοῖς
893 3881 959 3932 aar&
978 3878 1057 3952 ψιλὴν
1075 3876 1212 3947 παράδοσιν
1230 3877 1307 3950 [eod.
1321 3879 1391 3948 Reg.
1410 3879 1537 3950 περίοδον]

301 3967 327 4030 ἐξ
345 3961 379 4020 ὧν
398 3967 543 4040 datar-quaa
561 3967 713 4020 ιισιιὲλουιιεν.
746 3967 871 4021 Ἔνδοθτν
890 3966 916 4020 δὲ
934 3975 977 4021 τοῦ
995 3970 1173 4042 προειρημένου
1193 3967 1271 4044 ἔτους,
1289 3967 1310 4022 εἰ
1323 3971 1361 4042 μὴ
1374 3967 1538 4039 αἱρουμένου(

300 4057 342 4110 τὸν
364 4056 389 4110 ἓν
411 4058 534 4126 παρθενίᾳ
559 4057 619 4126 βίον,
643 4054 664 4128 ἢ
687 4062 730 4110 ιαί
754 4055 923 4127 αἱρουμένους,
948 4056 1016 4110 ἀλλὰ
1039 4060 1078 4132 μὴ
1100 4057 1224 4120 θέλοντας
1247 4059 1448 4132 ιιοιταρτισθήναι
1473 4061 1537 4126 πρὸς

300 4147 348 4220 τὴν
366 4147 508 4219 μοναχιιιὴν
526 4147 602 4219 ζωὴν,
622 4145 809 4213 ἀποκρίιτσθαι,
829 4151 872 4200 καί
890 4145 1081 4217 &aeripuerim
1099 4145 1136 4209 τίς
1153 4149 1195 4200 τὸν
1207 4150 1348 4201 ιιοινωνιιιὸν
1365 4147 1425 4218 βίον·
1444 4147 1483 4211 ὡς
1496 4151 1539 4222 μὴ

304 4234 387 4308 casti-q
406 4234 561 4289 &adoraudum
579 4242 614 4306 τῷ
633 4233 690 4307 ἱερῷ
709 4236 762 4306 βίῳ.
800 4235 888 4289 Ταῦτα
907 4234 933 4288 di
953 4237 1003 4290 ἐστι
1020 4235 1049 4290 ot
1073 4241 1171 4300 πάντως
1194 4242 1300 4309 γίνονται
1323 4235 1349 4290 ἔν
1372 4254 1420 4290 τισι
1442 4239 1538 4300 καθὼς

302 4323 453 4387 ἰνιέταλται,
472 4322 542 4378 ἀλλὰ
560 4324 715 4393 ἀποαίρουσι
733 4325 854 4397 νηπιόθτν
898 4325 919 4398 ἢ
932 4331 975 4379 ιιαί
987 4330 1054 4380 κατὰ
1066 4325 1169 4398 ἡλικίαν
1182 4324 1289 4398 ἔννομον,
1302 4325 1361 4378 ἀλλ’
1372 4325 1402 4380 οὐ
1413 4332 1536 4398 νομίμως,

301 4419 345 4467 ναί
369 4414 582 4486 ιιαιηρπισμένιυς·
606 4413 647 4468 διὰ
669 4423 741 4468 τοῦτο
762 4416 795 4467 τὰ
818 4413 870 4468 ἄνω
893 4415 971 4468 adam·
995 4421 1039 4470 ιιαί
1065 4414 1141 4483 ἱεροὺς
1164 4421 1207 4470 ιαί
1228 4416 1363 4488 προφήτης
1390 4415 1537 4489 ἔξέσιησαν,

301 4505 366 4556 κατὰ
384 4505 412 4556 τὸ
430 4503 607 4576 γηραμμὲνον·
630 4509 674 4558 ιιαί
697 4503 842 4575 μυριόδοξος
869 4503 1013 4573 παράδοσις,
1036 4511 1079 4559 ιιαί
1102 4505 1246 4574 αθτόιιριτος
1270 4507 1416 4577 νομσθτσία,
1440 4503 1471 4559 uia
1494 4505 1538 4560 διὰ

301 4592 393 4664 φιλίαν,
411 4591 480 4646 ἀλλὰ
498 4589 540 4644 διὰ
557 4591 728 4666 φιλαργυρίαν·
753 4591 810 4648 otta
833 4592 874 4646 διὰ
896 4599 1030 4667 σωτηρίαν,
1054 4594 1123 4648 ἀλλά
1146 4593 1187 4648 διὰ
1209 4593 1374 4666 ριλοναρδίαν.
1416 4595 1538 4664 (ligne,

303 4681 320 4737 l.
341 4695 373 4740 τ..
394 4679 445 4737 col.
467 4681 557 4751 1525.)
