3212 5264
879 307 918 365 ‘22

389 522 472 604 ipso,
497 538 688 602 quacunque
714 520 767 586 die
792 519 975 594 obvenerit,
1000 538 1127 585 necnon
1148 537 1206 585 sex
1222 517 1340 584 diebus
1367 536 1511 598 sequen-

387 627 479 694 tibus
503 626 662 693 ieiuninm
687 625 838 695 solvitur.
884 626 1047 693 Similiter
1076 626 1245 691 ieiunatur
1268 625 1304 690 in
1326 623 1511 707 pervigilio

386 734 577 817 Luminum;
602 733 660 799 sed
684 732 758 815 ipse
774 733 847 799 dics
864 733 1084 816 Epiphaniae,
1109 731 1143 798 in
1164 749 1391 813 quamcunque
1416 731 1509 796 diem

388 839 556 924 inciderit,
581 842 706 922 absque
730 840 798 906 ulla
822 840 1030 934 abstinentia
1055 839 1238 922 peragitur.

330 965 364 1050 b)
387 965 637 1032 Hebdomadam
653 965 938 1048 proclamatione,
955 965 975 1029 i.
993 983 1020 1030 e.
1038 964 1287 1048 hebdomadam,
1304 981 1386 1045 quae
1403 963 1508 1030 Sexa-

387 1072 550 1155 gesimam
586 1072 769 1156 praecedit,
803 1076 970 1153 peragunt
1000 1071 1088 1137 omni
1118 1071 1326 1136 abstinentia
1354 1069 1510 1148 liberam,

387 1197 504 1261 nempe
539 1197 645 1260 nequo
680 1178 766 1246 feria
796 1177 845 1244 IV
878 1196 983 1260 neque
1016 1177 1063 1244 VI
1092 1177 1241 1243 eiusdem
1263 1177 1511 1268 hebdomadae

387 1285 547 1351 ieiunant.
593 1285 632 1352 In
655 1285 880 1369 tyrophagiae
903 1283 1110 1350 hebdomada
1133 1285 1154 1348 i.
1180 1302 1208 1349 e.
1231 1285 1266 1349 in
1289 1283 1510 1366 hebdomada,

387 1411 470 1475 quae
494 1391 810 1476 Quinquagesimam
840 1391 1021 1475 praecedit,
1050 1409 1150 1457 carno
1178 1391 1310 1473 quidem
1334 1391 1512 1457 abstinent

388 1500 542 1565 monachi
558 1499 613 1566 vel
629 1501 670 1566 ob
694 1499 872 1566 monastici
896 1498 1023 1565 ordinis
1048 1498 1240 1564 memoriam
1256 1497 1311 1565 vel
1325 1499 1366 1564 ob
1389 1502 1508 1580 typum

391 1625 495 1676 norae
508 1624 675 1690 puraeque
687 1607 780 1674 vitae
794 1605 1023 1686 exhibendum,
1039 1605 1098 1671 sed
1110 1609 1290 1672 vescuntur
1303 1610 1380 1688 post
1391 1605 1509 1671 horam

389 1732 508 1780 nonam
532 1731 629 1779 caseo
654 1718 689 1780 et
712 1713 793 1781 ovis

476 1839 516 1904 In
537 1843 655 1904 sancta
675 1856 798 1922 magna
813 1836 1079 1921 Quadragesima
1099 1836 1251 1904 monachi
1268 1836 1372 1902 semel
1392 1834 1429 1902 in
1444 1836 1511 1918 die,

387 1946 469 2011 hora
500 1964 596 2020 nona,
632 1949 813 2013 vescuntur
846 1949 881 2010 et
913 1944 1045 2025 quidem
1075 1942 1181 2009 aridis
1216 1941 1415 2030 (ξηροφαγία)
1451 1949 1513 2008 aut

387 2052 490 2118 etiam
518 2051 744 2134 leguminibus
775 2054 900 2132 absque
933 2051 1004 2116 oleo
1037 2055 1072 2116 et
1099 2049 1186 2119 vino.
1233 2051 1273 2115 In
1302 2051 1364 2116 hoc
1396 2053 1511 2116 autem

387 2157 511 2226 ieiunio
537 2162 715 2249 sequentes
740 2157 952 2240 exceptiones
977 2162 1055 2222 sunt
1078 2157 1325 2224 observandae:

387 2287 416 2347 α’.
442 2283 589 2350 Sabbato
624 2287 658 2348 et
691 2278 745 2348 die
777 2281 952 2348 Dominica
986 2281 1145 2348 ieiunium
1179 2281 1409 2364 supradictum
1444 2302 1511 2348 non

439 2390 648 2456 observatur.

389 2497 416 2578 β.
440 2496 586 2563 Sabbato
629 2501 664 2562 et
699 2494 876 2562 Dominica
913 2496 1105 2562 Palmarum
1146 2495 1321 2562 comedunt
1357 2497 1512 2562 monachi

439 2603 550 2684 pisces
575 2602 616 2668 ad
646 2604 800 2668 honorem
827 2602 963 2687 Christi,
993 2603 1049 2683 qui
1073 2620 1093 2668 a
1117 2602 1240 2669 ieiunio
1264 2601 1404 2670 veniens
1433 2621 1512 2668 con·

439 2710 530 2778 vivio
567 2710 724 2776 interfuit
757 2715 833 2792 post
861 2710 985 2776 Lazari
1020 2707 1284 2793 suscitationem,
1319 2710 1373 2777 vel
1407 2709 1511 2776 ctiam

440 2817 518 2900 quia
541 2817 681 2882 ethaeo
705 2822 848 2883 estune
871 2817 912 2882 de
936 2817 1044 2882 sacris
1069 2815 1196 2882 Christi
1220 2815 1330 2882 festis.

390 2965 415 3020 γ.
440 2941 564 3006 Sancta
589 2959 711 3023 magna
734 2939 941 3006 hebdomade
964 2943 1117 3007 monachi
1140 2960 1277 3023 prorsus
1301 2941 1407 3007 ieiuni
1432 2961 1511 3024 per·

443 3053 545 3130 stant,
578 3048 609 3114 si
632 3047 705 3114 fieri
733 3051 855 3132 potest,
888 3050 1014 3129 absque
1044 3049 1146 3114 etiam
1170 3049 1241 3114 oleo
1265 3056 1300 3114 et
1323 3049 1410 3128 vino,
1439 3048 1509 3114 nisi

442 3155 526 3236 quod
550 3155 585 3220 in
608 3163 771 3221 nocturna
792 3153 915 3237 vigilia
938 3161 1076 3222 sanctae
1100 3154 1268 3238 passionis
1293 3157 1334 3221 oh
1358 3155 1507 3222 necessi-

441 3267 547 3328 tatem
570 3268 605 3328 et
628 3263 775 3328 laborem
800 3261 926 3343 aliquid
952 3262 1080 3329 bibunt.

386 3368 412 3432 δ.
437 3369 558 3451 Magno
593 3369 740 3436 Sabbato
775 3370 988 3436 continuatur
1023 3369 1181 3436 ieiunium
1216 3388 1319 3451 usqne
1354 3370 1395 3436 ad
1431 3387 1509 3438 ves-

442 3493 550 3559 peras,
579 3476 698 3557 quibus
727 3475 891 3543 absolutis
920 3493 1055 3542 caseum
1079 3481 1114 3542 et
1141 3475 1251 3557 pisces
1280 3481 1315 3541 at
1346 3495 1408 3544 ova
1438 3496 1509 3542 mo-

441 3581 539 3648 nachi
564 3582 748 3650 comedunt.

370 3709 487 3774 Totam
517 3726 596 3775 vero
626 3707 878 3782 hebdomadam,
909 3725 993 3788 quae
1021 3707 1144 3774 festum
1171 3709 1324 3775 Paschae
1355 3709 1511 3790 sequitur

282 3820 316 3880 et
333 3832 417 3896 quae
441 3814 672 3900 διακαινήσιμος
696 3815 829 3898 dicitur,
850 3815 995 3880 liberam
1019 3813 1142 3882 ieiunio
1166 3820 1272 3898 agunt
1288 3815 1329 3880 ad
1351 3816 1509 3882 honorem

280 3920 364 3988 Filii
387 3922 459 4004 Dei,
493 3920 548 4003 qni
573 3941 632 3987 nos
656 3921 853 3990 vivificavit.
899 3923 929 3988 A
953 3922 1099 3988 secunda
1121 3923 1268 3988 Thomae
1301 3921 1322 3987 i.
1346 3940 1374 3988 c.
1398 3941 1418 3988 a
1441 3923 1510 3988 Do-

282 4028 406 4094 minica
443 4029 478 4094 in
514 4028 600 4095 albis
639 4030 821 4097 observant
858 4028 1010 4096 monachi
1048 4029 1145 4095 feriis
1184 4035 1304 4110 quarta
1338 4035 1372 4095 et
1410 4037 1510 4098 sexta

282 4135 522 4202 abstinentiam
538 4154 559 4201 a
575 4154 676 4202 carne
699 4141 733 4202 et
758 4153 869 4216 caseo,
899 4136 1123 4204 tantummodo
1147 4135 1234 4202 feria
1257 4143 1376 4218 quarta
1400 4137 1510 4203 Meso·

282 4247 493 4324 pentecostes
527 4243 666 4324 quilibet
701 4243 796 4309 cibus
832 4243 919 4308 sumi
952 4246 1074 4324 potest,
1109 4249 1287 4324 propterea
1329 4244 1414 4324 quod
1452 4253 1509 4310 ost

283 4348 407 4416 iustum
429 4349 573 4415 Domini.

371 4474 487 4541 Sancti
510 4492 589 4542 vero
614 4475 760 4557 Spiritus
788 4475 995 4541 hebdomada
1023 4475 1215 4558 parimodo
1239 4495 1278 4542 ac
1301 4475 1508 4544 Natiuitatis

283 4588 317 4646 ot
333 4580 603 4648 Resurrectionis
628 4581 736 4647 libera
759 4580 883 4648 ieiunio
900 4583 1109 4665 transigitur,
1133 4600 1251 4664 nempe
1274 4581 1362 4648 feria
1386 4589 1509 4664 quarta

282 4693 317 4753 ot
341 4693 437 4754 sexta
460 4689 557 4754 huius
581 4688 806 4755 hebdomadae
830 4707 894 4755 non
917 4689 1094 4754 ieiunatur.
