3212 5264
94 1067 178 1169 De
207 1102 242 1170 S.
274 1059 548 1168 Theodoro
579 1058 765 1166 studita
791 1060 1115 1166 reformatore
1142 1097 1319 1166 mona-

401 1223 611 1328 chorum
643 1219 1020 1328 Basilianorum.

606 1473 819 1496 ψ

484 1589 516 1694 ξ
543 1589 579 1689 1.Ι
605 1587 931 1673 Praenotanda.
1001 1695 1003 1700 Ι

187 1734 234 1800 Ut
260 1738 355 1816 patet
378 1752 419 1800 ex
447 1734 667 1800 monumentis
696 1734 858 1799 historiae
882 1730 1150 1815 ecclesiasticae,
1179 1732 1327 1798 Theodo-

97 1859 156 1906 rus
181 1841 316 1906 Studita
344 1839 409 1906 fuit
434 1841 616 1906 acerrimus
645 1841 769 1908 uindex
798 1841 907 1906 cultus
944 1858 1115 1905 sacrarum
1144 1840 1327 1922 imaginum

98 1966 226 2013 necnon
255 1946 435 2030 dignitatis
464 1948 700 2028 libertatisque
728 1947 983 2014 ecclesiasticae
1012 1947 1129 2012 unicus
1158 1946 1327 2028 defensor;

99 2059 301 2136 quapropter
325 2055 586 2121 innumerabiles
610 2055 743 2121 labores
769 2073 948 2138 perpessus
971 2058 1090 2135 terque
1113 2054 1149 2120 in
1172 2055 1329 2120 exsilium

98 2161 225 2226 missus
250 2166 312 2226 est.

111 2337 114 2341 ,
190 2267 253 2334 Sed
271 2273 388 2334 nostra
401 2269 630 2336 tantummodo
654 2268 759 2335 refert
776 2267 983 2334 Theodorum
1007 2268 1232 2350 considerare,
1249 2285 1329 2348 qua-

101 2379 215 2449 tenus,
246 2381 283 2440 ut
308 2376 544 2444 severissimus
568 2377 658 2442 inter
681 2376 858 2442 monachos
884 2394 1018 2460 censor,
1043 2375 1083 2441 de
1107 2375 1328 2458 promovendo

6 2511 8 2516 ·
100 2480 352 2548 Basilianorum
377 2483 538 2550 instituto
562 2483 688 2566 optime
704 2489 759 2550 est
775 2483 924 2548 meritus.
959 2484 1069 2564 Atque
1086 2487 1264 2563 antequam
1288 2481 1329 2547 de

100 2586 170 2654 illis
208 2589 410 2672 specialibus
446 2591 579 2656 meritis
616 2589 707 2656 circa
740 2590 890 2656 ordinem
924 2588 1170 2656 Basilionorum
1204 2590 1330 2672 loquar,

100 2693 280 2778 depingam
295 2697 402 2763 vitam
418 2698 501 2781 eius,
525 2702 689 2779 quatenus
707 2716 780 2763 eum
798 2715 896 2778 scopo
918 2697 1087 2779 proposito
1105 2714 1251 2763 connexa
1267 2702 1330 2763 est.

188 2803 337 2870 Exstant
369 2810 480 2870 autem
514 2805 598 2870 duae
630 2805 731 2870 Vitae
768 2824 793 2870 s.
819 2803 984 2870 Theodori
1019 2802 1185 2870 Studitae:
1221 2803 1331 2869 altera

100 2905 212 2992 (quam
227 2911 341 2976 Vitam
358 2911 375 2976 I
395 2908 567 2994 vocamus)
584 2911 672 2978 edita
690 2930 711 2976 a
727 2911 900 2978 sirmondo
914 2911 1082 2992 reperitur
1106 2911 1192 2993 apud
1207 2911 1330 2996 Migne,

100 3035 126 3082 s.
143 3036 193 3100 gr.
209 3021 232 3082 t.
249 3018 301 3102 99,
326 3018 385 3084 col.
406 3019 468 3082 113
491 3037 598 3100 seqq.;
622 3017 731 3084 altera
747 3019 857 3100 (quam
873 3018 988 3084 Vitam
1004 3018 1039 3083 Il
1055 3016 1237 3102 vocamus),
1260 3019 1332 3086 vul-

100 3128 185 3206 gata
209 3124 342 3192 aOard.
357 3124 426 3190 Mai
442 3123 602 3192 Biblioth.
626 3144 713 3194 nova
735 3129 813 3192 tom.
830 3124 886 3208 VI,
910 3124 1078 3206 reperitur
1103 3124 1330 3208 apocaligus,

99 3231 121 3296 l.
152 3249 192 3306 c,
217 3231 276 3296 col.
314 3231 378 3296 233
415 3250 505 3313 seqq.
541 3233 610 3298 Res
646 3232 682 3296 in
715 3236 856 3312 utraque
892 3236 1052 3297 narratae
1086 3231 1145 3299 vix
1179 3229 1329 3312 variant;

102 3337 160 3404 sed
197 3337 238 3403 de
262 3339 455 3405 auctoribus
492 3343 545 3405 est
580 3339 691 3420 aliqua
714 3337 929 3421 disceptatio.
976 3339 1112 3422 (migne,
1141 3343 1163 3404 t.
1189 3339 1241 3418 99,
1271 3339 1331 3404 col.

101 3445 154 3530 49,
179 3443 235 3526 503
260 3445 319 3510 col.
347 3445 421 3529 231,
445 3444 532 3530 232).
1156 3515 1160 3524 ,

193 3549 286 3634 Quod
303 3552 427 3618 attinet
444 3553 486 3618 ad
502 3551 616 3618 Vitam
632 3553 676 3636 Π,
700 3552 736 3618 in
751 3552 877 3618 duobus
902 3551 1127 3618 bibliothecae
1142 3551 1330 3618 Vaticauae

102 3657 275 3725 codicibus
311 3658 375 3720 698
405 3664 439 3724 et
472 3659 555 3722 1256
592 3659 720 3726 diserte
754 3657 952 3725 inscribitur
980 3658 1138 3724 Michaeli
1163 3659 1331 3742 Monacho,

103 3765 217 3846 quiin
242 3765 407 3847 prooemio
431 3766 531 3832 Vitae
562 3785 598 3832 se
622 3765 790 3832 studitam
819 3770 853 3831 et
877 3784 1034 3833 coaevum
1058 3766 1222 3832 Theodori
1256 3784 1332 3831 esse

101 3873 286 3954 profitetur.
333 3872 397 3938 Cir.
421 3873 521 3940 Vitae
544 3874 579 3940 Π
603 3893 674 3956 cap.
700 3875 731 3938 1:
767 3867 863 3936 Οὐδὲν
893 3873 926 3935 δὲ
954 3871 1041 3960 ἦττον
1064 3876 1117 3937 καὶ
1141 3870 1157 3936 ὁ
1180 3882 1233 3936 τοῦ
1256 3870 1332 3936 καθ’

102 3977 188 4067 ἡμᾶς
219 3980 369 4060 συλλόγου
400 3985 540 4067 πεφγνὼς
572 3984 789 4067 ποιμενόιρχης,
824 3983 877 4044 καὶ
909 3990 964 4068 τῆς
1000 3979 1131 4064 Χριστοῦ
1166 3977 1332 4064 ὁμολογίας

102 4088 328 4174 πορσολαμπὴς
352 4088 459 4161 στόλος
484 4086 652 4171 Θεόδωρος,
678 4086 794 4160 ἐντοῖς
818 4085 975 4174 ἡμετέροις
1000 4085 1213 4159 ἁνατεταλνιὼς
1237 4083 1332 4159 οἷάτις

102 4195 284 4282 πολόρωτος
313 4192 410 4280 ἀστὴρ
442 4201 543 4267 τόποις
571 4197 625 4259 οιαὶ
652 4200 785 4280 χρόνοις,
808 4198 862 4279 τὴν
887 4189 1065 4279 οἱκοομὲνην
1093 4204 1195 4257 πᾶσαν
1224 4203 1332 4278 μικροῦ

58 4369 61 4375 ,
103 4303 166 4365 δεῖν
201 4311 266 4376 ταῖς
302 4300 482 4389 ἀσκητικαῖς
517 4303 659 4387 λόιμψεσι,
693 4306 745 4366 οιαὶ
781 4310 842 4375 τοῖς
870 4311 925 4388 τῆς
960 4299 1135 4388 ἀθλητικῆς
1170 4298 1332 4386 ὁμολογίας

103 4409 284 4493 περιέβαλεν
307 4407 494 4494 ἀγωνίσματι
504 4457 600 4472 .....
633 4407 771 4494 (Migne,
794 4408 816 4474 l.
841 4426 868 4474 t.
893 4408 950 4473 col.
976 4408 1062 4492 233).

196 4515 276 4582 Vita
303 4535 383 4584 vero
411 4517 437 4599 I,
466 4535 549 4597 quae
584 4517 619 4581 in
655 4515 867 4582 Oolumnensi
902 4520 936 4581 et
962 4515 1126 4580 Vaticano
1163 4515 1332 4580 codicibus

104 4623 266 4688 Michaeli
280 4623 450 4706 Monacho,
473 4623 509 4689 in
526 4623 592 4689 alio
610 4628 720 4689 autem
737 4621 908 4688 Theodoro
933 4623 1097 4705 magistro
1113 4623 1333 4704 Daphnopate

105 4728 313 4816 inscribitur,
348 4730 483 4799 videtur
518 4731 650 4797 saeculo
674 4729 803 4795 decimo
833 4729 1016 4811 incipiente
1040 4729 1225 4812 composita
1248 4746 1333 4794 esse.
