3212 5264
775 321 985 419 *a*

272 534 305 600 0.
339 536 390 602 De
418 517 615 602 Theodori
646 535 865 618 epitimiis,
902 534 1044 616 quibus
1078 552 1226 616 poenae
1255 531 1496 601 statuuntur

402 643 619 726 monachis,
651 641 783 724 quiin
814 661 881 708 suo
910 658 1070 708 munere
1099 641 1359 723 deliquerint.

358 774 564 843 Theodorum
597 776 763 842 studitam
800 793 923 859 poenas
959 775 1122 841 statuisse
1150 775 1184 840 in
1214 794 1270 843 eos
1306 776 1497 859 monachos,

271 883 326 965 qui
342 883 377 949 in
390 902 448 950 suo
464 901 600 949 munere
617 883 828 965 deliquerint,
844 885 1014 948 testantur
1031 884 1127 947 ambo
1144 881 1252 964 ipsius
1268 883 1456 966 biographi.
1473 885 1497 960 ¹)

270 988 449 1072 Quaeritur
473 994 593 1073 autem,
618 1008 661 1054 an
677 993 812 1056 exstent
827 988 905 1056 illae
929 1006 1055 1072 poenae
1078 989 1335 1056 monasteriales
1360 988 1496 1071 abipso

271 1097 489 1178 conscriptae.
535 1095 728 1162 Sirmondus
758 1093 889 1177 quidem
916 1114 1040 1178 poenas
1069 1095 1336 1181 monasteriales
1372 1095 1495 1178 quibus

269 1221 387 1270 nomen
409 1203 574 1270 Theodori
598 1204 779 1286 praefixum
807 1205 870 1286 est,
905 1221 946 1269 ex
975 1201 1095 1268 Codice
1123 1201 1287 1269 Vaticano
1322 1203 1358 1270 in
1386 1203 1496 1270 lucem

270 1309 391 1392 edidit;
416 1310 474 1377 sed
488 1311 551 1376 hae
566 1328 693 1392 poenae
717 1308 972 1376 monasteriales
996 1327 1061 1375 non
1086 1314 1164 1375 sunt
1187 1330 1286 1376 unum
1310 1329 1400 1394 epae,
1433 1311 1496 1376 sed

274 1417 384 1499 potius
408 1435 449 1484 ex
472 1416 598 1483 duobus
622 1417 769 1485 diversis
793 1415 995 1499 constante
1019 1416 1133 1497 Neque
1157 1417 1254 1483 unius
1279 1417 1496 1498 eiusdemque

271 1521 417 1590 auctoris
442 1535 518 1590 esse
545 1527 699 1606 possunt;
733 1523 898 1604 quianon
922 1523 1127 1591 seinvicem
1157 1523 1322 1606 supplent,
1352 1523 1411 1590 sed
1433 1543 1496 1606 pro

269 1630 390 1696 iisdem
414 1629 548 1696 delictis
571 1631 668 1712 plane
693 1629 843 1699 divorsas
866 1647 990 1712 poenas
1015 1633 1176 1695 statuunt.
1221 1629 1260 1696 Ε.
1277 1649 1308 1712 g.
1324 1630 1360 1696 in
1383 1630 1496 1712 priore

270 1737 425 1819 opusculo
456 1755 561 1820 poena
584 1737 625 1801 26
651 1737 701 1803 sic
725 1741 835 1802 sonat:
872 1736 928 1820 ,si
958 1736 1032 1818 quis
1060 1735 1186 1818 elapsis
1215 1736 1343 1803 duabus
1371 1737 1496 1804 bebdo-

269 1843 376 1909 madis
400 1863 465 1910 non
489 1844 684 1911 confiteatur
707 1843 866 1927 praesidi,
890 1847 1065 1925 separetur
1081 1861 1144 1909 uno
1161 1841 1244 1909 die.“
1291 1843 1331 1910 In
1349 1845 1495 1910 secundo

273 1956 384 2017 autem
407 1951 564 2032 opusculo
587 1967 693 2034 poena
716 1954 736 2016 2
760 1949 961 2016 huiusmodi:
993 1948 1076 2033 „Qui
1100 1949 1274 2016 confessus
1302 1969 1367 2016 non
1390 1949 1497 2017 fuerit

272 2061 367 2124 actus
389 2077 465 2124 suos
483 2062 517 2124 et
534 2057 757 2141 cogitationes
782 2057 899 2124 abbati
920 2074 981 2139 per
1004 2060 1134 2138 septem
1157 2056 1385 2123 hebdomadae
1408 2057 1495 2136 diae,

271 2165 390 2232 deinde
417 2183 459 2232 ne
487 2165 648 2250 comedat,
682 2165 876 2248 priusquam
912 2159 1137 2230 confiteatur.“
1184 2163 1314 2231 Deinde
1343 2165 1495 2246 poonat

269 2272 393 2354 prioris
428 2272 578 2356 opusculi
607 2273 657 2338 sic
691 2271 806 2338 habet:
844 2269 925 2355 „Qui
962 2274 1067 2336 totum
1102 2288 1261 2337 canonem
1295 2270 1497 2356 deseruerit,

271 2377 377 2444 aridis
408 2383 503 2445 stans
526 2379 621 2447 vesci
648 2377 832 2445 iubeatur.“
880 2378 921 2444 In
949 2377 1092 2444 secundo
1122 2383 1234 2444 autem
1262 2378 1418 2460 opusculo
1443 2377 1496 2444 sic

270 2486 374 2552 habet
400 2504 506 2568 poena
530 2487 586 2551 34:
620 2486 676 2569 ,si
700 2486 775 2567 quis
799 2487 840 2550 ob
863 2484 1038 2568 pigritiam
1068 2484 1186 2550 canoni
1208 2504 1273 2551 non
1295 2484 1493 2551 interfuerit

269 2596 328 2658 aut
350 2592 514 2677 lyciniae,
539 2598 597 2658 aut
621 2593 681 2658 alii
704 2592 910 2675 psalmodiae
933 2591 1033 2674 parti,
1058 2591 1162 2657 aridis
1176 2596 1335 2658 vescatur
1358 2611 1422 2658 uno
1438 2591 1496 2658 die

270 2718 342 2764 cum
372 2699 557 2766 metanoeis
587 2696 749 2766 centum.“
817 2699 856 2765 In
891 2698 1003 2780 priora
1032 2698 1172 2779 denique
1202 2699 1359 2781 opusculo
1387 2717 1497 2781 poena

272 2805 312 2867 10
329 2807 463 2873 statuit:
507 2805 590 2890 ,Qui
612 2825 673 2872 sua
689 2805 860 2874 voluntate
884 2823 1014 2870 sacram
1039 2805 1298 2871 communionem
1329 2807 1496 2890 omiserit,

270 2918 367 2979 extre
390 2914 592 2980 consortium
622 2913 682 2980 fiat
705 2931 768 2978 uno
793 2908 878 2978 die.“
926 2913 1038 2978 Poena
1069 2929 1149 2980 vero
1173 2912 1213 2974 el
1240 2911 1381 2979 alterius
1414 2932 1495 2996 opu-

270 3019 373 3086 sculi:
399 3019 455 3104 ,Si
471 3017 545 3100 quis
562 3019 617 3086 die
633 3019 791 3102 liturgico
807 3017 1052 3084 Eucharistiam
1069 3037 1132 3085 non
1149 3023 1269 3103 sumat,
1290 3019 1342 3086 rei
1358 3037 1496 3087 causam

270 3126 371 3192 dicat.
399 3126 435 3194 si
454 3145 519 3192 non
536 3124 670 3211 dixerit,
691 3126 819 3193 ieiunet
837 3143 940 3208 usque
957 3125 999 3192 ad
1015 3143 1200 3208 vesperam,
1218 3145 1292 3192 cum
1307 3127 1496 3194 metanoeis

275 3230 545 3317 quinquaginta.“
595 3233 674 3300 Cum
704 3234 810 3316 igitur
844 3251 928 3299 nnus
962 3231 1115 3315 idemque
1148 3237 1264 3300 auctor
1291 3253 1356 3300 non
1384 3235 1497 3316 possit

276 3340 341 3406 sibi
356 3339 419 3406 tali
435 3339 529 3408 modo
546 3339 786 3424 contradicere,
810 3338 984 3420 utriusque
999 3339 1149 3421 opusculi
1162 3338 1388 3422 epitimiorum
1404 3340 1495 3407 idem

276 3451 392 3514 auctor
414 3447 606 3514 existimari
628 3447 818 3514 nullatenus
841 3450 962 3529 potest.

360 3573 407 3638 At
430 3572 610 3657 quaeritur,
633 3575 744 3638 utrum
767 3571 961 3656 opusculum
984 3570 1207 3652 epitimiorum
1223 3572 1394 3639 Theodoro
1418 3573 1496 3640 Stu-

269 3679 361 3747 ditae
377 3679 627 3747 attribuendum
644 3680 700 3748 sit.
734 3679 898 3762 Equidem
921 3678 1014 3762 prius
1031 3679 1233 3764 opusculum,
1257 3679 1341 3762 quod
1358 3681 1495 3765 incipit:

268 3783 304 3849 ‘0
329 3789 372 3874 μὴ
395 3780 607 3872 εὑρισκόμενος
630 3785 674 3861 εἰς
697 3792 752 3874 τὴν
776 3786 893 3851 εἴσοδον
916 3795 969 3851 τοῦ
992 3781 1075 3859 Δόξα
1098 3784 1129 3852 ἐν
1153 3782 1298 3872 ὑψίστοις,
1322 3787 1496 3854 Theodoro

269 3893 495 3960 adiudicatum
516 3894 628 3962 velim.
659 3895 775 3961 Prima
798 3899 909 3960 autem
932 3893 1021 3960 ratio
1043 3898 1097 3960 est
1119 3893 1217 3960 haec:
1241 3893 1388 3976 Uterque
1404 3895 1495 3962 enim

268 4001 471 4084 biographus
495 4001 660 4068 Theodori
689 4006 807 4068 narrat
829 4002 915 4067 hunc
938 4018 1062 4082 poenas
1087 4000 1251 4067 statuisse
1274 4001 1311 4067 in
1334 4019 1401 4077 eos,
1436 4003 1496 4084 qui

269 4106 311 4172 ad
353 4105 542 4175 divinorum
580 4108 777 4193 hymnorum
818 4108 973 4193 synaxim
1011 4107 1143 4174 tardius
1182 4106 1337 4175 venerint
1370 4109 1426 4178 vel
1462 4111 1496 4176 in

267 4213 390 4281 iratres
419 4233 609 4298 quocunque
638 4215 825 4282 ministerio
850 4219 980 4280 statuta
1006 4215 1088 4282 hora
1121 4233 1186 4281 non
1216 4215 1394 4298 iungentes
1427 4225 1490 4284 aut

358 4443 380 4514 1)
399 4442 467 4498 Vita
484 4443 499 4497 I
518 4459 578 4513 cap.
597 4446 645 4513 323
664 4444 700 4499 ci.
720 4459 830 4514 quoque
848 4459 913 4514 pag.
934 4445 950 4498 5
969 4450 1025 4502 not.
1046 4445 1070 4500 1.

356 4549 379 4621 ²)
400 4549 412 4604 1
430 4550 526 4606 Sancti
546 4551 640 4606 Patris
654 4551 742 4606 nostri
757 4556 785 4606 et
799 4550 966 4606 confessoris
980 4551 1117 4606 Theodori
1129 4549 1267 4620 praesidis
1281 4549 1373 4607 Stadii
1387 4566 1498 4620 poenae

268 4639 382 4708 thigne,
411 4639 429 4695 l.
458 4656 489 4706 c,
519 4639 569 4696 ool.
600 4641 800 4709 rrae-1748);
828 4642 855 4697 lI
879 4639 1063 4709 Quotidianae
1087 4640 1282 4694 monachorum
1304 4655 1452 4710 poenaeue
1477 4658 1498 4696 s.

268 4729 352 4782 Patro
372 4733 466 4782 nostro
485 4729 632 4785 Theodoro
651 4731 842 4798 praescriptae
863 4729 937 4800 (ibid.
959 4729 1009 4784 col.
1030 4731 1227 4790 luta-1758).
