3212 5264
697 298 716 362 9

182 512 229 576 At
251 511 453 596 Theodorus,
476 517 514 578 ut
536 513 643 582 uitam
667 512 739 579 cius
764 511 984 597 depingentes
1009 515 1076 580 iam
1100 513 1317 598 ostendimus,
1370 567 1372 571 .

89 636 158 683 non
182 617 287 684 solum
303 619 424 684 Basilii
440 619 556 703 Magni
580 620 728 704 scriptis,
751 620 929 703 praecipue
945 621 1015 686 illis
1038 625 1113 704 πρὸς
1130 623 1318 706 perdicatur

91 724 281 792 delectatus
297 730 360 809 est,
384 725 562 793 sedetiam
586 744 695 793 mores
720 745 798 792 suos
821 727 942 793 iisdem
966 727 1195 795 conformavit.
1204 725 1228 812 ¹)
1274 727 1320 793 Et

91 832 248 899 tirocinio
277 837 413 914 peracto
440 833 581 900 Platone
608 833 792 916 hegumeno
821 835 1027 917 approbante
1054 833 1089 900 in
1117 834 1320 902 monasterio

92 938 310 1006 Saccudiensi
334 944 369 1005 et
389 940 557 1021 posterius
574 940 749 1006 Studitauo
766 941 1022 1008 consuetudines
1039 941 1180 1025 Regalis
1196 939 1320 1007 Basilii

92 1046 283 1112 contrarias
315 1046 409 1114 velut
440 1047 622 1128 pestiferas
655 1049 814 1114 haereses
845 1047 1002 1114 abscidit.
1056 1049 1159 1114 Initio
1188 1048 1321 1129 quidem

91 1153 210 1218 multis
235 1154 500 1236 repugnantibus
523 1173 587 1220 non
610 1153 722 1220 facilis
739 1160 814 1220 orat
835 1155 895 1220 illa
909 1155 1102 1222 reformatio
1120 1155 1319 1237 monastica;

95 1260 157 1326 sed
179 1259 341 1342 paulatim
366 1261 519 1327 monachi
542 1281 606 1327 non
632 1261 736 1328 solum
765 1263 965 1346 vicinorum,
995 1263 1052 1328 sed
1082 1262 1185 1329 etiam
1214 1280 1322 1328 remo·

92 1367 217 1433 tiorum
230 1369 507 1435 monasteriorum
520 1368 562 1434 ad
576 1370 793 1454 archetypam
805 1370 968 1436 Theodori
980 1368 1086 1438 vitam
1099 1369 1320 1451 respicientes

93 1473 289 1540 Studitauos
314 1475 477 1541 aemulari
500 1474 723 1560 cooperanti)
762 1477 817 1542 Ita
840 1476 965 1542 factum
989 1482 1052 1556 est,
1076 1481 1114 1542 ut
1129 1476 1320 1542 Theodorus

92 1581 215 1647 mundo
239 1600 343 1664 paene
359 1583 516 1650 universo
539 1583 709 1649 asceticae
725 1583 818 1652 vitae
836 1583 1069 1666 splendoribus
1086 1584 1321 1649 innotesceret.

93 1689 199 1754 Immo
233 1693 370 1772 propter
403 1695 580 1756 accuratas
614 1689 686 1756 cius
714 1691 915 1757 traditiones
940 1691 1186 1773 stupendasque
1216 1691 1320 1773 leges,
1407 1693 1409 1698 ’

94 1814 178 1876 quas
202 1797 372 1863 monachis
397 1797 499 1882 dedit,
528 1802 686 1878 tauquam
714 1798 801 1864 alter
824 1798 974 1864 Basilius
1003 1802 1116 1864 aetate
1145 1816 1207 1891 sua¹
1235 1797 1323 1863 cele·

93 1905 213 1969 bratus
237 1901 333 1986 0013)

185 2037 304 2103 Altera
338 2037 479 2120 denique
521 2057 623 2105 causa
662 2045 838 2122 corruptae
878 2039 1077 2122 disciplinae
1116 2039 1323 2106 monasticae

95 2148 171 2210 erat
194 2144 371 2228 despectus
396 2150 431 2211 et
458 2147 663 2212 conculcatio
688 2166 858 2231 canonum,
887 2147 942 2228 qui
970 2147 1006 2211 iu
1032 2146 1140 2214 variis
1165 2145 1323 2212 Conciliis

94 2250 219 2318 Basilii
243 2256 389 2318 aetatem
414 2254 630 2335 sequentibus
655 2253 776 2320 adres
801 2255 1005 2321 monasticas
1030 2253 1252 2320 stabiliendas
1269 2253 1324 2319 vel

96 2358 138 2424 ad
163 2358 374 2441 disciplinam
397 2361 674 2426 monasteriorum
696 2362 930 2427 coarctandam
948 2361 1032 2427 aditi
1048 2365 1154 2426 erant.
1178 2359 1324 2426 Proinde

94 2465 288 2532 Theodorus
313 2485 351 2532 00
375 2467 530 2552 tetendit,
553 2471 591 2533 ut
614 2468 764 2536 universi
787 2469 840 2534 illi
864 2486 1006 2534 canones
1032 2467 1185 2533 strictius
1210 2469 1325 2533 obser·

94 2578 275 2652 versutum
300 2574 383 2656 quod
408 2574 538 2657 quidem
564 2593 664 2658 saepe
687 2575 835 2641 inculcat
857 2575 1027 2641 monachis
1051 2575 1105 2642 vel
1128 2573 1324 2658 hegumenis

95 2683 385 2766 monasteriorum,
420 2686 457 2748 ut
491 2683 527 2748 iu
555 2701 604 2765 ep.
635 2682 675 2745 14
705 2680 853 2766 012114)
905 2683 951 2748 Ε1
982 2701 1079 2763 quam
1108 2681 1321 2749 inviolabiles

94 2807 240 2855 canones
253 2789 328 2856 illos
345 2789 596 2857 ecclesiasticos
614 2789 793 2874 censuerit,
810 2794 904 2874 patet
920 2808 961 2856 ex
977 2807 1025 2872 ep.
1045 2789 1323 2873 11,ου111100100

179 3036 201 3106 1)
221 3035 358 3090 Theodori
365 3035 516 3106 VitaIcap.
524 3037 571 3092 13:
588 3079 594 3092 .
606 3078 613 3092 .
624 3080 630 3092 .
642 3078 648 3093 .
661 3035 795 3091 Βασιλοίου
806 3036 830 3090 δὲ
838 3045 880 3090 τοῦ
891 3036 1002 3109 μεγάλου
1014 3037 1072 3100 τοὺς
1082 3037 1174 3109 λόγους
1186 3035 1229 3089 καὶ
1241 3035 1326 3106 μειζό-

91 3145 141 3189 νως
160 3125 294 3198 ἠσπάζετο,
313 3127 356 3180 καί
374 3125 494 3200 γλιόσσης
513 3119 578 3198 εἶχεν
595 3125 749 3200 ἐντρόφημα,
769 3119 811 3180 σία
830 3128 871 3180 τόν
889 3125 968 3198 ἄνδρα
985 3124 1056 3188 εἰδὼς
1069 3127 1112 3179 καὶ
1124 3124 1326 3197 φιλοσοφώτατον

73 3207 124 3269 Ιτά
145 3217 215 3279 θεῖα,
234 3216 276 3268 καὶ
294 3218 335 3269 τόν
353 3216 450 3269 πώποτε
475 3216 634 3288 λογιώτατον·
662 3209 691 3268 οό
714 3217 758 3269 καὶ
784 3224 833 3269 τῶν
861 3214 950 3269 ἄλλων
976 3219 1020 3288 μὲν
1047 3214 1149 3286 βιβλίων
1175 3212 1327 3285 θαυμασίως

91 3305 235 3378 ἐπηκροᾶτο
255 3306 298 3358 καί
316 3305 413 3379 πολλὴν
436 3304 491 3360 οἵαν
509 3305 535 3368 ἐξ
553 3307 664 3379 ἑκάστης
683 3305 765 3358 αὐτῶν
787 3304 877 3377 ἐτρόγα
900 3307 947 3379 την
969 3306 1073 3379 ἡδονὴν·
1096 3306 1144 3378 τὴν
1166 3302 1193 3356 δέ
1215 3323 1244 3376 γε
1265 3308 1327 3374 πρὸς

90 3395 249 3468 μονάζοντας
276 3394 360 3467 δκοίνιρ
386 3397 567 3469 πεπονημένην,
596 3393 647 3448 οὐδ’
675 3394 738 3448 ἔστιν
763 3392 838 3448 εἰπεῖν
864 3394 932 3458 ὅπως
951 3395 993 3448 καί
1014 3401 1120 3467 περιεῖπε
1146 3393 1190 3446 καὶ
1209 3391 1326 3464 ἔστεργεν,

91 3485 154 3549 όλος
172 3485 222 3556 ὅλη
240 3485 423 3558 συγχρώμονος,
442 3485 486 3538 καὶ
504 3484 556 3554 βίον
575 3484 632 3538 δλον
650 3485 729 3556 ταόιη
748 3483 953 3556 ἐξακριβυύμονος
977 3526 1054 3540 .....
1101 3483 1216 3554 (Migue,
1245 3481 1263 3538 l.
1294 3498 1325 3546 0.,

93 3574 146 3630 col.
168 3576 241 3644 128.)

185 3681 252 3751 ¹)S.
276 3681 415 3737 Theodori
439 3697 478 3736 or.
495 3681 537 3736 XI
561 3681 677 3752 (laudat.
702 3696 723 3738 s.
748 3680 877 3736 Platonis
905 3681 1066 3750 hegumeni)
1092 3695 1151 3749 cap.
1176 3680 1326 3751 4(hligue,

91 3773 111 3828 l.
133 3789 165 3837 0.,
185 3771 327 3842 001826).
365 3770 406 3827 cf.
425 3787 490 3840 pag.
510 3773 527 3824 3
563 3775 618 3826 not.
639 3771 663 3827 1.

185 3878 209 3948 θ)
227 3878 282 3933 vit.
306 3878 334 3932 II
360 3894 419 3947 cap.
446 3881 473 3932 l:
608 3877 662 3931 Kal
684 3875 718 3950 ἦν
743 3878 885 3931 ἀκόλουθον
907 3883 958 3942 τοῖς
982 3877 1123 3949 φιλυπόνοις
1145 3878 1188 3930 καὶ
1210 3877 1249 3950 μὴ
1271 3875 1328 3929 λίαν

91 3968 296 4023 ἀναπιττωκόσιν
323 3967 350 4030 ἐξ
381 3967 499 4040 ἀμαθίας
521 3969 563 4020 τόν
585 3974 648 4030 νοῦν,
672 3974 722 4030 τοῖς
746 3965 800 4040 ἥδη
823 3969 954 4039 πονηθεῖσι
978 3968 1188 4038 κατενουγχάνειν,
1211 3966 1328 4018 κάκεῖθεν

91 4056 287 4112 ἐκδιδάσκεσθαι
305 4055 352 4128 τὴν
370 4058 470 4111 ἅπασαν
488 4064 531 4111 τοῦ
550 4058 664 4129 πανιὲρσυ
682 4056 784 4128 Πατρός
802 4057 1027 4130 θπερανεστηκυῖαν
1048 4064 1098 4109 τῶν
1115 4054 1215 4108 πολλῶν
1232 4055 1327 4128 βιοτὴν,

92 4149 141 4202 καὶ
159 4149 187 4200 τό
205 4146 330 4220 ὠφέλιμον
349 4146 490 4219 δρέπεσθαι,
510 4145 575 4219 εἴπερ
594 4146 712 4210 ἐθέλοιεν,
732 4148 873 4218 θαυμάζειν
890 4165 917 4200 τε
934 4155 982 4221 της
1001 4145 1089 4218 σοιρίας
1108 4143 1183 4198 αὐτοῦ
1195 4147 1223 4198 τό
1235 4145 1327 4215 βάθος,

91 4238 141 4292 καὶ
160 4241 201 4290 τόν
218 4237 306 4309 τρόπον
323 4244 371 4310 τῆς
389 4237 554 4309 κοινυβιακῆς
573 4236 741 4309 ἀναστροφῆς,
759 4241 807 4298 τάς
833 4254 860 4289 τε
883 4236 992 4308 ἀκριβεῖς
1019 4234 1093 4288 αὐτοῦ
1116 4234 1263 4307 παραδόσεις
1285 4236 1328 4288 καὶ

91 4329 241 4398 θεοπρεπεῑς
258 4325 416 4398 νομοθεσίας,
436 4325 467 4389 ἃς
486 4326 575 4389 ἐκεῖνος
588 4333 639 4380 τοῖς
652 4325 728 4379 αὑτοῦ
741 4326 918 4399 νομοθετησας
930 4326 973 4378 καὶ
986 4324 1174 4396 παραδεδωκὼς
1186 4326 1327 4401 μαθηταῖς,

93 4416 176 4478 ἄλλος
193 4434 230 4482 τις
248 4415 382 4480 Βασίλειος
409 4420 435 4470 ὲν
462 4423 513 4480 τοῖς
541 4415 597 4470 κατ’
616 4414 690 4470 αὐτόν
718 4415 853 4488 ἐφημίζστο
880 4416 987 4488 χρόνοις.
1026 4415 1141 4484 (Mignc,
1170 4415 1188 4471 l.
1217 4430 1248 4481 0.,
1277 4416 1328 4470 001.

95 4509 160 4573 233,
179 4509 250 4578 236.)

186 4621 211 4694 ⁴)
229 4623 290 4678 Lib.
318 4624 333 4678 I
357 4621 440 4692 epist.
470 4624 504 4677 14
527 4620 640 4693 (iligna,
665 4625 683 4678 l.
708 4637 739 4688 0.,
770 4621 821 4677 col.
846 4622 918 4692 955),
950 4621 1032 4691 epist.
1057 4623 1092 4677 20
1116 4620 1230 4692 (hligue,
1253 4621 1272 4675 l.
1297 4635 1328 4687 0.,

95 4711 152 4768 001.
172 4711 244 4781 970).
