3212 5264
591 268 735 378 '‘27

91 515 155 563 vas
172 496 369 580 frangentes
394 501 452 561 aut
476 514 649 563 excessum
673 497 818 576 aliquem
841 497 895 563 vel
926 497 1148 564 contumeliam
1174 498 1322 581 proximo

92 623 152 669 suo
183 601 412 687 inferentesl)
436 604 540 684 Atqui
571 602 664 686 prius
696 595 888 686 opusculum
927 604 1076 670 continet
1105 625 1177 672 cum
1208 623 1321 672 omues

91 709 171 774 illas
199 727 333 791 poenas,
362 713 433 774 tum
470 711 648 792 praecipue
682 728 751 788 eas,
785 727 869 790 quae
903 710 939 776 in
971 709 1094 777 iratres
1133 729 1322 793 quocunque

92 815 281 882 ministerio
321 819 451 882 statuta
494 816 576 883 hora
609 837 674 882 non
714 815 892 901 iungentes
946 821 1154 903 statuuntur,
1203 837 1321 901 nempe

91 924 125 988 in
174 922 361 1002 cellarium,
403 942 553 1004 coquum,
596 924 755 990 librorum
793 925 977 1010 custodem,
1022 931 1185 1011 sutorem,
1229 926 1323 992 calli-

92 1030 267 1112 graphum,
294 1034 468 1106 sartorem,
489 1030 676 1113 ostiarium,
697 1030 876 1098 nosocomii
900 1037 1087 1098 curatorem
1111 1037 1146 1100 et
1167 1033 1323 1114 reliquos.

92 1137 133 1202 In
165 1136 272 1202 altero
302 1155 382 1204 vero
413 1137 567 1220 opusculo
601 1136 834 1204 desiderantur
868 1139 947 1204 illae
984 1145 1163 1206 accuratae
1197 1157 1321 1222 poenae

92 1244 128 1308 in
172 1243 348 1309 monachos
388 1262 579 1325 quocunque
607 1245 642 1310 in
672 1244 860 1311 ministerio
893 1244 1133 1326 delinquentes.
1202 1247 1321 1314 Altera

94 1354 208 1416 autem
240 1349 338 1433 ratio,
378 1355 513 1433 propter
543 1369 639 1431 quam
672 1351 768 1432 prius
792 1353 904 1434 potius
928 1371 1025 1434 quam
1048 1353 1217 1435 posterius
1242 1372 1321 1436 opu·

92 1457 224 1523 sculum
240 1455 411 1523 Theodoro
429 1457 591 1541 adiudico,
616 1462 670 1523 est
687 1457 783 1524 haec:
812 1458 852 1524 In
874 1459 1061 1540 posteriore
1084 1461 1241 1542 opusculo
1265 1461 1318 1528 bis

91 1569 149 1630 est
173 1581 281 1630 sermo
306 1564 346 1629 de
370 1563 542 1629 monachis
566 1565 680 1647 magni
705 1571 739 1630 et
761 1566 859 1647 parvi
883 1567 1082 1648 schematis;
1104 1585 1211 1648 poena
1233 1566 1321 1634 enim

93 1672 138 1733 47
153 1669 204 1738 sic
221 1675 330 1736 sonat:
349 1670 405 1754 „Si
419 1671 598 1737 monachus
615 1673 730 1754 magni
744 1672 926 1738 schematis
943 1673 1079 1738 labatur
1094 1673 1129 1738 in
1145 1673 1321 1756 luxuriam,

91 1779 142 1844 sit
166 1782 262 1844 extra
292 1777 552 1844 communionem
583 1779 818 1860 quinquennio:
849 1777 878 1844 si
901 1797 981 1846 vero
1003 1781 1101 1862 parvi
1130 1780 1322 1864 schematis,

92 1881 258 1952 hiennio.“
297 1883 416 1950 Confer
440 1904 567 1966 quoque
591 1904 731 1968 poenam
748 1886 799 1950 51.
837 1887 942 1967 Atqui
965 1885 1156 1953 Theodorus
1181 1895 1323 1954 nonest

94 2011 219 2076 passus
242 1993 278 2058 in
301 1992 516 2058 monasteriis
541 1992 603 2058 duo
632 2011 758 2076 genera
786 1993 1031 2075 monachorum,
1060 2012 1178 2076 nempe
1206 1995 1322 2077 magni

91 2105 128 2165 et
151 2100 248 2182 parvi
278 2099 471 2179 schematis,
507 2117 593 2177 esse,
627 2104 665 2164 ut
693 2099 796 2165 moris
826 2104 901 2165 erat
929 2098 964 2165 in
988 2100 1066 2166 aliis
1095 2101 1320 2185 monasteriis,

94 2206 156 2273 sed
177 2206 283 2275 voluit
308 2207 437 2272 unicum
461 2225 537 2272 esse
560 2206 711 2273 habitum
734 2205 999 2292 monasticum.2)
1037 2207 1129 2292 Ergo
1152 2209 1321 2290 posterius

92 2313 176 2379 illud
202 2313 404 2396 opusculum,
428 2312 462 2378 iu
483 2333 544 2394 quo
561 2313 621 2380 illa
642 2313 704 2380 duo
721 2331 846 2397 genera
869 2315 1102 2381 monachorum
1127 2320 1321 2382 statuuntur

91 2420 149 2488 vel
163 2424 400 2501 supponuntur,
414 2439 477 2485 non
491 2425 603 2503 potest
615 2421 823 2487 Theodorum
835 2423 961 2488 hahere
976 2426 1154 2488 auctorem.
1169 2422 1321 2504 Denique

91 2526 274 2593 notandum
299 2530 361 2592 est·
376 2527 544 2608 posterius
569 2529 763 2610 opusculum
787 2527 958 2595 continere
982 2547 1045 2595 non
1069 2529 1172 2595 solum
1196 2547 1319 2612 poenas

91 2637 128 2700 in
152 2634 340 2716 monachos,
370 2634 429 2699 sed
453 2634 556 2699 etiam
579 2635 615 2700 in
639 2636 829 2702 saeculares
857 2636 1008 2718 homines
1037 2636 1264 2720 delinquentes
1278 2635 1320 2722 ³);

93 2743 308 2822 quamobrem
326 2741 528 2824 suspicionis
544 2747 656 2807 notam
672 2743 785 2810 hahet.
820 2742 911 2826 Quae
929 2763 1000 2808 eum
1019 2743 1067 2810 ita
1084 2744 1163 2826 sint,
1186 2743 1320 2810 nonnisi

92 2849 189 2930 prius
204 2849 394 2930 opusculum
408 2848 631 2932 epitimiorum
645 2849 778 2932 ingenio
789 2850 954 2916 Theodori
966 2850 1167 2934 respondere
1177 2849 1320 2918 videtur.

182 2953 267 3020 Illud
301 2955 442 3036 denique
475 2955 557 3019 mihi
589 2957 743 3022 hocloco
774 2957 937 3023 adnotare
963 2958 1075 3036 liceat,
1110 2957 1193 3038 quod
1225 2958 1320 3025 iuxta

92 3061 328 3146 Hypotyposin
363 3062 576 3128 Studitanam
605 3063 639 3127 in
668 3065 883 3129 monasteriis
913 3064 979 3130 loci
1008 3065 1141 3145 quidam
1171 3065 1320 3147 separati

90 3173 206 3246 erant,
246 3168 280 3234 in
319 3170 438 3250 quibus
476 3170 629 3236 monachi
668 3174 880 3236 contumaces
918 3171 1039 3236 inclusi
1078 3171 1318 3252 poenitentiam

90 3278 254 3357 agebant;
278 3275 450 3342 sedtamen
474 3276 673 3344 verberibus
697 3276 860 3344 eiusmodi
884 3279 1062 3344 monachos
1086 3277 1258 3361 castigare
1283 3279 1319 3342 in

95 3381 312 3447 monasteriis
336 3381 523 3448 Studitanis
547 3402 613 3450 non
634 3381 800 3466 licebatt)

514 3542 540 3640 fi
568 3541 609 3624 6.
643 3540 894 3626 Conclusio.

184 3683 214 3747 S.
243 3683 406 3751 Theodori
439 3685 592 3752 Studitae
627 3687 662 3751 in
697 3688 918 3753 monasticum
954 3688 1148 3754 institutum
1186 3689 1316 3756 meritis

88 3790 372 3856 annumerandum
397 3797 450 3858 est
473 3791 576 3858 etiam
601 3793 692 3875 illud,
717 3793 802 3874 quod
826 3795 868 3859 ad
892 3801 1037 3861 mentem
1062 3815 1088 3861 s.
1102 3794 1225 3861 Basilii
1250 3815 1318 3860 mo·

180 4001 202 4068 ¹)
222 4000 262 4055 Of.
282 4016 349 4070 pag.
367 4003 384 4054 5
403 4007 459 4056 not.
480 4004 504 4058 1.

179 4106 202 4175 2)
220 4107 254 4161 In
272 4107 453 4163 Testamento
473 4109 612 4165 Theodori
636 4115 818 4180 praeceptum
841 4111 896 4165 XII
919 4112 1062 4180 praefecto
1086 4112 1182 4166 datum
1202 4111 1316 4182 (higna,

86 4197 105 4249 l.
127 4212 159 4262 c,
180 4194 230 4252 col.
251 4196 345 4266 1819);
364 4197 399 4254 ci.
418 4213 482 4266 pag.
504 4200 536 4254 13
555 4203 612 4254 not.
632 4202 657 4254 2.

179 4302 202 4372 ³)
222 4301 263 4358 Oi.
282 4319 363 4372 poen.
383 4305 425 4371 59,
445 4305 487 4370 62,
507 4307 543 4360 64
566 4304 681 4375 ιΜίςιιο,
700 4305 719 4361 l.
740 4321 771 4373 α,
791 4305 843 4362 col.
863 4307 951 4376 1756).

177 4408 202 4478 ⁴)
221 4408 362 4480 Hypotyp.
382 4411 429 4466 at:
457 4410 519 4485 Χρὴ
538 4411 666 4483 γινώσκειν
684 4413 719 4477 ὡς
736 4413 783 4466 καὶ
805 4417 959 4485 ἀφορίστριαι
981 4411 1027 4468 εἰσί
1049 4415 1109 4482 παρ’
1132 4416 1203 4488 ἡμῖν,
1226 4419 1251 4468 ἐν
1276 4409 1317 4479 αἷς

87 4497 110 4550 οἱ
130 4498 245 4563 ἀπειθεῖς
262 4504 308 4552 καὶ
327 4501 436 4573 tanhuser
453 4505 657 4565 κατακλείονται,
677 4503 876 4574 ξηροφαγοῦνιες
893 4508 939 4556 και
962 4505 1134 4570 παιδευόμενοι
1155 4505 1203 4577 τὴν
1215 4506 1315 4578 ἀρετὴν·

86 4589 176 4660 ἡγὰρ
193 4591 235 4639 διὰ
253 4595 380 4662 μαστίγων
397 4595 531 4655 παίδευσις,
549 4591 585 4656 ὡς
602 4599 654 4655 τοῖς
671 4600 803 4658 κωμικοῖς
821 4593 972 4659 ἁρμόζουσα,
1000 4601 1051 4655 τοῖς
1081 4591 1212 4659 Πατραοιν
1241 4594 1316 4666 ἡμῶν

87 4676 236 4747 ἀπόβλητος
253 4675 360 4743 εἰκότως
378 4681 480 4750 ἐκρίθη.
519 4680 633 4748 (Rigas,
653 4680 670 4735 l.
692 4696 722 4745 o,
743 4680 794 4739 col.
815 4681 903 4749 1713.)
