3212 5264
919 323 939 386 4

322 543 388 620 est;
414 538 471 604 sed
489 537 603 605 eodem
620 539 760 605 Platone
784 538 942 605 moliente
965 537 1077 604 renuit
1102 537 1273 619 suscipere
1296 537 1448 620 regimen
1471 555 1547 603 con·

320 645 558 728 fraternitatis,
593 663 677 725 quae
712 645 778 710 iam
808 645 850 710 ad
874 645 1103 712 centenarium
1131 662 1302 710 numerum
1337 648 1547 726 pervenerat.

319 752 555 818 Verumtamen
574 752 671 818 Plato
695 755 808 818 morbo
833 757 1005 834 correptus
1031 751 1228 818 convocavit
1251 750 1386 834 fratres,
1410 769 1546 832 quorum

321 860 484 925 communi
498 857 657 942 suffragio
670 859 871 932 Theodorus,
885 859 941 939 qui
958 864 1036 924 tunc
1049 858 1258 924 tricesimum
1276 875 1397 922 annum
1412 859 1546 940 agebat,

320 965 523 1032 monasterio
558 966 817 1032 Saccudionensi
856 965 1068 1048 praepositus
1104 969 1166 1030 est.
1227 963 1300 1046 Qua
1333 963 1547 1046 praefectura

320 1072 463 1156 fungens
504 1073 705 1155 Theodorus,
741 1071 807 1138 etsi
842 1073 916 1140 vita
950 1072 1019 1137 iam
1053 1071 1190 1154 propria
1224 1070 1456 1138 indesinenter
1503 1070 1545 1135 ad

324 1179 556 1262 suscipiendos
573 1179 713 1247 virtutis
736 1179 869 1245 labores
894 1179 1146 1262 adhortabatur,
1169 1182 1282 1244 tamen
1306 1177 1409 1244 etiam
1433 1181 1487 1244 ter
1510 1177 1546 1242 in

319 1287 525 1353 hebdomada
563 1291 640 1368 post
672 1305 788 1368 preces
819 1287 1004 1352 matutinus
1044 1286 1278 1352 catechesibus
1306 1285 1361 1352 vel
1396 1282 1545 1352 homiliis

319 1395 497 1460 monachos
522 1395 704 1460 excitabat.
714 1391 738 1475 1)

407 1501 469 1567 Illo
504 1505 615 1566 autem
649 1505 798 1582 tempore
822 1499 947 1566 iactum
983 1504 1045 1583 est,
1080 1504 1118 1564 ut
1141 1497 1379 1565 Constantinus
1402 1498 1450 1564 Vl
1484 1497 1545 1563 im-

318 1613 463 1690 perator,
492 1608 609 1674 Irenes
637 1607 736 1689 filius,
765 1625 866 1672 uxore
893 1607 1050 1688 legitima
1073 1605 1215 1672 dimissa
1243 1606 1422 1689 illegitimo
1450 1605 1545 1671 thoro

320 1734 357 1781 se
382 1698 454 1780 cum
476 1715 643 1780 Theodoto
668 1713 876 1780 cubicularia
899 1715 1100 1796 coniungere
1124 1718 1282 1779 tentaret.
1318 1711 1410 1794 Quod
1435 1711 1545 1778 scelus

321 1822 495 1902 castigans
524 1822 716 1887 Theodorus
746 1840 820 1885 curn
849 1821 962 1887 decem
990 1821 1208 1886 nobilioribus
1237 1820 1407 1885 monachis
1436 1817 1544 1887 uariis

322 1929 528 1994 cruciatibus
552 1935 694 1997 vexatus
718 1929 992 2014 Thessalonicam
1022 1927 1216 2009 deportatus
1246 1931 1308 1992 est.
1354 1926 1418 1993 Sed
1448 1927 1545 1992 Irene

320 2035 459 2117 imperio
495 2036 616 2101 iterum
646 2036 754 2116 potita
789 2036 962 2103 revocavit
985 2034 1192 2100 Theodorum
1227 2033 1385 2116 exsulem,
1419 2033 1477 2114 qui
1510 2034 1546 2098 in

321 2162 414 2207 suum
440 2143 679 2208 monasterium
704 2161 860 2209 reversus
878 2148 911 2208 et
928 2141 1262 2208 honorificentissime
1277 2159 1298 2205 a
1313 2145 1387 2206 tota
1402 2140 1545 2207 civitate

320 2250 459 2332 ipsaque
497 2249 712 2330 imperatrice
748 2257 924 2332 susceptus
964 2249 1140 2315 monachos
1176 2248 1319 2329 undiquc
1359 2246 1543 2329 dissipatos

320 2357 465 2437 collegit.
522 2355 591 2438 Quo
631 2356 750 2421 exsilio
789 2356 880 2420 fama
914 2355 1109 2422 monasterii
1144 2353 1419 2438 Saccudionensis
1463 2353 1545 2419 adeo

320 2471 420 2528 aucta
452 2469 536 2539 erat,
574 2467 610 2528 ut
633 2463 730 2540 multi
754 2468 788 2528 et
815 2461 1041 2528 illustrissimi
1066 2460 1134 2530 viri
1163 2461 1282 2528 mundo
1309 2461 1544 2528 renuntiantes

320 2588 356 2636 sc
380 2570 537 2652 regimini
560 2569 724 2635 Theodori
749 2568 1037 2649 committerent.)

408 2678 551 2759 Propter
567 2676 805 2743 Saracenorum
831 2683 943 2743 autem
966 2677 1176 2743 incursiones
1193 2676 1386 2743 Theodorus
1410 2694 1447 2742 se
1471 2695 1544 2742 cum

320 2785 390 2850 suis
407 2784 497 2848 intra
514 2783 834 2866 Constantinopolim
857 2785 995 2866 recepit,
1020 2784 1078 2850 ubi
1101 2782 1208 2866 ipsius
1233 2783 1404 2850 monachis
1430 2783 1542 2866 perin-

320 2891 416 2972 signe
433 2890 541 2955 Studii
557 2891 805 2970 monasterium,
831 2891 915 2972 qnod
932 2909 952 2956 a
967 2889 1186 2958 Constantino
1203 2888 1407 2975 Gopronymo
1431 2908 1543 2955 mona-

320 2997 454 3062 chorum
467 2996 629 3063 acerrimo
646 2996 782 3064 inimico
803 2998 874 3064 fere
891 3000 1042 3064 orbatum
1060 3002 1144 3077 erat,
1157 2996 1365 3062 incolendum
1381 2995 1543 3062 traditum

321 3109 383 3169 est.
422 3104 463 3169 In
487 3123 548 3185 quo
565 3104 676 3171 Studii
701 3105 913 3187 monasterio,
938 3123 1012 3171 cnm
1036 3104 1275 3186 discipulorum
1299 3103 1443 3185 undique
1466 3122 1543 3170 con-

318 3210 492 3276 fluentium
508 3212 686 3277 multitudo
703 3212 744 3277 ad
761 3213 985 3278 millenarium
1002 3230 1175 3278 numerum
1192 3210 1414 3294 pervenisset,
1438 3210 1542 3276 Theo

322 3317 421 3384 dorus
456 3318 663 3402 legislatoris
699 3337 834 3385 munere
862 3319 1004 3401 fungens
1032 3320 1169 3402 regulas
1199 3319 1342 3401 optimas
1371 3318 1542 3383 monachis

319 3425 547 3492 observandas
564 3423 716 3491 tradidit.
723 3423 750 3509 ³)
786 3428 895 3507 Atque
911 3427 1054 3508 primum
1070 3425 1213 3491 fratrum
1228 3423 1542 3508 praestantissimos

320 3529 434 3614 elegit,
470 3536 507 3598 ut
531 3531 747 3615 inspicerent,
784 3533 814 3598 si
843 3532 921 3614 quid
956 3551 1020 3598 non
1055 3516 1147 3600 recte
1182 3534 1224 3597 ab
1260 3531 1338 3597 aliis
1375 3535 1542 3615 ageretur,

319 3643 354 3704 et
392 3638 433 3703 ad
466 3657 669 3704 communem
706 3639 906 3721 magistrum
945 3639 1129 3723 referrent,
1164 3640 1289 3720 hosque
1329 3637 1473 3722 propriis
1508 3643 1543 3704 et

318 3745 448 3811 idoneis
461 3745 650 3811 nominibus
668 3745 853 3827 appellavit
869 3746 1185 3829 epistemonarches,
1198 3745 1403 3829 taxiarchas,
1427 3746 1542 3812 obser-

319 3857 470 3935 vatores,
504 3853 719 3918 excitatores.
765 3853 949 3918 Praeterea
981 3853 1108 3934 aliquot
1143 3852 1380 3919 eminentiores
1417 3853 1543 3919 consti·

318 3959 398 4042 tuit,
432 3977 459 4026 e.
488 3979 520 4042 g.
553 3959 669 4042 alium,
704 3965 739 4024 ut
772 3959 936 4026 secundas
970 3979 990 4026 a
1021 3959 1190 4042 praefecto
1224 3960 1407 4044 obtineret,
1439 3959 1541 4026 alium

320 4085 546 4150 oeconomum,
586 4064 687 4130 alium
728 4068 1002 4132 suboeconomum
1041 4065 1190 4146 aliosque
1228 4066 1307 4132 eliis
1344 4067 1542 4134 nominibus.

318 4175 427 4254 Atque
465 4173 519 4238 his
557 4173 710 4238 omnibns
750 4173 792 4238 ad
829 4174 927 4242 varia
965 4173 1155 4240 ministeria
1193 4172 1362 4256 deputatis
1402 4174 1543 4258 scripsit

318 4280 454 4362 regulas
477 4278 634 4346 iambicis
662 4281 815 4347 versibus
845 4281 1056 4365 compositas,
1084 4280 1263 4360 inquibus
1291 4279 1403 4347 omnia
1431 4299 1541 4348 mona·

319 4386 418 4451 sterii
446 4385 555 4452 officia
579 4404 600 4451 a
622 4386 791 4469 dignitate
814 4387 993 4470 hegumeni
1022 4405 1125 4468 usque
1150 4387 1192 4453 ad
1216 4387 1364 4454 infimum
1391 4391 1542 4455 tractata

408 4561 430 4630 1)
449 4559 515 4614 Vita
533 4560 570 4616 11.
589 4575 649 4630 cap.
670 4562 783 4618 10-13.

406 4649 429 4720 ²)
448 4649 515 4705 Vita
534 4651 569 4708 11.
589 4665 649 4720 cap.
669 4651 784 4711 14-19.

406 4739 429 4810 ⁸)
449 4739 514 4796 Vita
532 4740 569 4796 11.
589 4755 649 4810 cap.
669 4740 783 4798 20-21.
