3212 5264
444 1140 633 1247 Theses
673 1139 1025 1251 detendendae.

687 1358 793 1382 -οοο--

160 1501 189 1567 1.
211 1497 372 1568 Volumen
400 1500 488 1583 legis
519 1502 580 1566 sub
603 1501 703 1568 Josia
727 1519 807 1584 rege
831 1505 1000 1583 repertum
1024 1496 1157 1582 (sepher
1180 1498 1350 1576 hattorah‚

215 1609 244 1672 2.
266 1609 350 1690 Reg.
374 1607 426 1690 22,
450 1607 573 1688 8-20;
599 1608 627 1673 2.
651 1608 769 1674 Chron.
796 1607 848 1690 34,
875 1606 1018 1688 14-33;
1043 1607 1178 1687 Joseph.
1214 1605 1350 1686 Antiqu.

213 1715 255 1797 X,
271 1714 301 1797 4,
320 1713 347 1778 1.
371 1711 413 1798 2.)
437 1718 511 1779 erat
531 1715 780 1780 Pentateuchus
801 1714 918 1796 populo
935 1713 1126 1779 Israelitico
1147 1712 1352 1778 notissimus.

215 1820 389 1888 Sententia
419 1821 648 1886 nonnullorum
675 1826 900 1904 exegetarum,
930 1821 985 1900 qui
1015 1824 1131 1886 tenent
1160 1818 1351 1886 sacerdotes

215 1934 295 1992 tnnc
317 1927 425 2010 legem
451 1929 492 1992 ab
517 1926 602 2009 ipsis
620 1929 845 2011 conscriptam
865 1932 1047 1993 mosaicam
1063 1945 1139 1993 esse
1164 1925 1352 2010 simulasse,

214 2033 345 2100 omnino
370 2038 424 2099 est
446 2033 626 2101 reicienda.

158 2142 189 2204 2.
214 2138 397 2222 scripturis
423 2141 531 2207 sacris
556 2143 715 2225 probatur
738 2145 856 2208 beatos
881 2146 1021 2208 aeterna
1043 2141 1118 2208 vita
1141 2141 1290 2206 fruentes
1316 2158 1352 2204 se

215 2248 359 2315 invicem
382 2248 528 2330 novisse,
553 2249 652 2315 immo
677 2253 711 2314 et
735 2249 895 2314 artiorem
911 2248 1160 2332 colligationem
1177 2247 1352 2312 societatis

213 2355 470 2437 propinquorum
495 2373 699 2437 permanere.
1102 2381 1104 2386 ·

159 2463 188 2526 3.
214 2461 597 2543 Aequiprobebilismus‚
632 2481 728 2543 quem
759 2481 784 2527 s.
814 2463 1002 2544 Alphonsus
1036 2462 1076 2527 de
1104 2461 1242 2544 Ligario
1274 2458 1352 2525 inde

215 2570 257 2633 ab
281 2587 365 2634 anno
392 2566 476 2630 1762
500 2568 671 2650 professus
696 2573 758 2652 est,
787 2569 822 2633 in
845 2569 939 2635 modo
964 2569 1096 2649 quidem
1118 2567 1275 2649 loquendi
1299 2573 1353 2633 est

216 2675 379 2755 divorsus,
405 2673 464 2740 sed
486 2691 524 2741 re
547 2695 611 2742 non
635 2675 746 2742 differt
770 2694 790 2741 a
814 2676 919 2742 solido
943 2681 978 2742 et
1000 2693 1079 2743 vero
1106 2675 1353 2759 probabilismo.

159 2782 189 2847 4.
214 2781 494 2848 constitutionum
526 2783 800 2862 monasticarum,
834 2801 918 2863 quae
949 2782 1118 2862 dicuntur,
1149 2801 1174 2847 s.
1201 2780 1352 2848 Basilius

216 2889 358 2970 Magnus
382 2907 449 2953 non
473 2894 584 2972 potest
608 2889 673 2955 dici
697 2894 822 2955 auctor.

161 2995 191 3060 5.
214 2995 312 3060 illum
335 2995 450 3060 horam
467 2997 669 3075 canonicam,
695 3015 778 3076 quae
795 2995 1051 3078 eompletorium
1069 3001 1216 3080 vocatur,
1239 3000 1352 3061 aetate

217 3099 340 3170 Basilii
367 3101 558 3186 exstitisse,
587 3120 628 3168 ex
655 3103 727 3168 eius
756 3105 881 3185 regula.
910 3102 973 3169 fus.
1001 3103 1042 3166 37
1067 3103 1203 3185 probari
1227 3102 1350 3182 nequit.
