3212 5264
815 288 1026 389 *20-

399 506 490 590 Quod
506 524 585 573 vero
603 506 724 572 attinet
746 507 786 572 ad
806 508 915 572 officia
937 506 1123 589 hegumeni,
1148 505 1338 572 Theodorus
1364 504 1423 570 dat
1439 521 1537 587 prae-

312 618 409 696 cepta
433 614 619 694 sequentia:
635 610 659 696 1)

398 719 475 786 Etsi
497 738 599 802 penes
623 718 829 801 praelectum
858 724 911 785 est
936 723 1086 802 potestas
1115 719 1259 785 omnium
1289 718 1539 795 monachorum,

309 832 422 892 tamen
455 828 527 909 ipse
561 827 710 893 intentus
739 845 815 892 esse
844 825 943 892 debet
978 844 1076 892 curae
1112 826 1306 907 animarum,
1341 825 1426 890 alias
1454 842 1539 891 vero

311 952 409 1000 curas
438 933 564 998 adres
592 933 802 998 necessarias
831 934 1024 999 monasterii
1054 937 1246 1016 spectantes
1281 930 1467 998 transferat
1503 931 1539 996 in

314 1059 524 1106 oeconomum
558 1039 705 1120 aliosque
738 1040 917 1106 ministros.
966 1039 1162 1120 Ceteroquin
1196 1038 1398 1122 praefectus,
1431 1055 1538 1120 penes

311 1165 406 1228 quem
431 1151 483 1212 est
507 1165 588 1212 cura
610 1148 712 1212 totius
737 1147 941 1225 monasterii,
972 1147 1130 1227 aquovis
1160 1147 1311 1213 ministro
1340 1145 1440 1212 debet
1467 1145 1538 1210 exi-

312 1271 393 1337 gere
428 1254 590 1319 rationem
614 1253 654 1319 de
678 1273 813 1320 munere
847 1254 1056 1320 demandato.
1103 1253 1228 1320 Curare
1264 1270 1390 1334 quoque
1426 1251 1539 1334 debet,

311 1365 348 1426 ut
370 1365 424 1426 ter
448 1361 594 1441 qualibet
625 1361 830 1426 hebdomade
862 1361 967 1426 faciat
1000 1361 1202 1428 catechesim
1226 1360 1267 1426 ad
1291 1377 1469 1441 vesperum
1495 1357 1539 1423 ad

312 1467 525 1533 instruendos
548 1467 740 1549 monachos;
765 1467 849 1548 quod
874 1468 1004 1548 quidem
1027 1472 1242 1550 praeceptum
1266 1467 1332 1532 iam
1356 1467 1390 1531 in
1405 1465 1540 1547 Regula

310 1574 534 1639 Pachomiana
557 1574 734 1656 reperitur.

399 1689 438 1754 In
466 1687 707 1771 gubernatione
733 1690 872 1772 donique
906 1691 1100 1756 monasterii
1135 1709 1251 1756 curare
1281 1694 1316 1755 et
1344 1688 1538 1771 prospicere

227 1873 230 1882 γ
311 1797 421 1878 debet,
456 1814 497 1861 ne
531 1796 626 1878 leges
655 1801 690 1861 et
721 1797 857 1879 regulas
892 1787 1034 1879 patrum,
1068 1799 1245 1879 praecipue
1281 1802 1392 1862 autem
1428 1796 1540 1860 sancti

310 1903 433 1968 Basilii
467 1902 737 1984 transgrediatur
761 1922 845 1971 neve
869 1905 1036 1971 ullatenus
1061 1905 1225 1983 immutet,
1261 1923 1359 1985 quam
1383 1922 1403 1968 a
1426 1902 1538 1984 patrio

311 2009 512 2075 monasterio
537 2010 705 2091 acceperit
728 2009 868 2076 formam
892 2015 927 2076 et
949 2013 1109 2096 regulam.
1157 2012 1275 2092 Sicque
1299 2015 1411 2076 monet
1433 2010 1540 2091 hegu—
1599 2009 1600 2076 ἶ

311 2133 435 2199 menos,
469 2115 563 2181 utin
588 2115 799 2198 gravioribus
828 2120 927 2183 rebus
955 2118 1038 2184 nihil
1067 2123 1219 2184 statuant
1242 2117 1307 2184 nisi
1330 2117 1456 2184 duobus
1481 2115 1541 2182 vel
1599 2103 1600 2154 ἶ

311 2224 419 2288 tribus
448 2222 618 2288 monachis
644 2222 685 2287 ad
714 2224 883 2290 consilium
913 2225 1080 2314 adhibitis,
1110 2226 1250 2314 denique
1274 2229 1311 2290 ut
1334 2223 1469 2306 regulas
1496 2221 1539 2286 ad
1599 2277 1600 2300 ,

310 2334 424 2397 votum
459 2329 669 2412 paupertatis
699 2334 734 2395 et
757 2331 799 2396 ad
823 2332 1012 2398 clausuram
1041 2333 1246 2414 pertinentes
1279 2331 1399 2396 stricte
1423 2331 1540 2396 obser·

311 2436 438 2504 vandas
463 2441 588 2504 curent.

311 2613 349 2679 F.
365 2615 416 2679 De
432 2619 565 2680 mutua
581 2617 867 2684 coniunctione
883 2619 1212 2685 monasteriorum
1225 2618 1543 2686 studitanorum.

403 2737 595 2804 Coniunctio
612 2741 758 2806 omnium
781 2744 1066 2824 monasteriorum,
1091 2763 1174 2826 quae
1191 2744 1354 2810 Theodori
1378 2761 1478 2825 opera
1496 2741 1541 2806 ad

315 2846 554 2910 accuratiorem
600 2849 866 2915 observationem
903 2851 1107 2932 Regularum
1145 2851 1265 2917 Basilii
1311 2867 1542 2929 canonumque

315 2950 532 3017 Gonoih0rum
556 2953 693 3019 redacta
717 2961 824 3034 erant,
849 2957 967 3022 stricto
992 2976 1092 3023 sensu
1109 2964 1183 3024 erat
1199 2959 1297 3042 nulla,
1323 2958 1381 3023 sed
1398 2963 1543 3023 eatenus

315 3076 481 3124 connexus
498 3059 625 3143 aderat,
650 3066 812 3142 quatenus
836 3064 1013 3147 hegumeni
1030 3065 1236 3149 singulorum
1261 3065 1543 3132 monasteriorum

314 3165 521 3231 Theodorum
544 3171 581 3232 ut
603 3172 734 3248 patrem
757 3171 911 3237 venerati
941 3177 1017 3237 sunt
1045 3173 1219 3254 ipsumque
1242 3173 1283 3240 de
1307 3173 1414 3240 variis
1439 3188 1543 3251 quae·

316 3271 481 3338 stionibus
506 3272 547 3337 ad
572 3276 848 3356 gubernationem
876 3280 1154 3346 monasteriorum
1178 3281 1409 3362 spectantibus
1433 3278 1546 3343 inter-

315 3384 532 3461 rogaverunt;
557 3381 639 3460 quod
665 3383 796 3462 quidem
820 3387 980 3465 probatur
1002 3385 1109 3453 variis
1134 3387 1299 3471 epistolis,
1327 3404 1409 3467 quas
1433 3385 1547 3452 Theo-

315 3485 413 3550 dorus
438 3486 480 3551 ad
503 3489 709 3554 monasteria
725 3491 779 3556 vel
802 3491 1005 3574 hegumenus
1030 3494 1177 3576 ipsorum
1202 3494 1335 3560 direxit.
1372 3491 1424 3558 Ad
1441 3511 1546 3572 quam

314 3592 468 3658 unionem
508 3595 709 3662 servandam
747 3597 925 3678 hegumeni
960 3599 995 3664 in
1029 3602 1130 3666 rebus
1170 3601 1337 3686 gravioris
1381 3599 1546 3664 momenti

405 3803 426 3867 1)
444 3803 520 3856 Libri
540 3803 554 3856 1
573 3805 653 3872 epist.
676 3807 719 3860 10:
752 3806 944 3877 Παραφυλάξεις
962 3814 1061 3874 πάντως
1079 3816 1107 3864 τά
1124 3814 1249 3865 ποαῖσθαι
1267 3816 1379 3880 τρισάκις
1396 3811 1549 3882 abraam,-

313 3909 389 3962 χησιν
406 3899 438 3962 τῇ
457 3892 584 3960 ἑβδομάσι,
603 3899 648 3946 καί
666 3896 730 3948 καθ’
750 3897 864 3963 ἑσπέραν·
884 3901 972 3971 ἐπειδὴ
985 3906 1207 3968 πατροπαράδοτον
1219 3909 1290 3954 τοῦτο
1302 3903 1347 3954 καὶ
1365 3901 1548 3971 σωτήριον...

314 3978 350 4031 Τὸ
369 3979 395 4032 δὲ
418 3987 517 4051 χρυσίον
543 3987 588 4035 καί
614 3988 647 4035 τά
674 3989 742 4036 κατά
769 3991 855 4056 χρείαν
881 3991 1024 4058 ἐγχειρίσεις
1050 3998 1085 4060 τῷ
1113 3988 1238 4061 οἰκονόμῳ
1265 3998 1300 4062 τῷ
1324 3993 1473 4059 κελλαρίτρ.
1500 3995 1550 4042 καὶ

314 4069 349 4132 ώς
366 4070 497 4138 ἐπιβάλλει
515 4075 541 4124 ἐν
559 4072 655 4144 ἑκάστῃ
672 4077 793 4143 διακονίαιι
825 4081 869 4127 σοῦ
892 4077 1029 4148 προδήλως
1051 4084 1150 4132 πάντων
1172 4081 1218 4152 τὴν
1239 4079 1351 4141 ἐξουσίαν
1373 4078 1475 4150 ἔχοντος
1500 4085 1551 4130 καί

315 4163 493 4228 μεταφέροντος
512 4160 547 4223 ώς
565 4161 596 4212 ἂν
614 4163 694 4232 βούλῃ
712 4164 824 4236 ἑκάστην
842 4170 970 4218 διακονίαν
988 4171 1013 4220 ἐν
1030 4175 1065 4238 τῷ
1088 4169 1184 4239 ωχόντι
1203 4169 1330 4240 προσώπῳ
1352 4173 1397 4221 καί
1420 4171 1551 4234 ἀπολαμ-

313 4247 430 4316 βάνοντος
448 4253 489 4302 τὸν
512 4251 587 4320 λόγον
610 4251 722 4324 ἑκάστης
745 4253 894 4325 διοικήσεως
917 4257 988 4308 καθὸ
1010 4258 1122 4327 ἑντέλλγγ.
1164 4257 1199 4310 tlh
1222 4259 1336 4330 ποιήσεις
1357 4275 1380 4310 τι
1403 4255 1551 4330 ἢπράξειε

314 4336 373 4388 κατ’
394 4335 489 4390 οἰκείαν
507 4339 611 4412 γνώμην
629 4344 655 4392 ἐν
673 4346 745 4394 παντί
764 4347 900 4412 πράγματι,
911 4342 966 4396 οὔτε
977 4349 1003 4396 ἐν
1020 4345 1128 4418 προόδῳ,
1147 4347 1201 4400 aba
1213 4352 1239 4400 ὲν
1252 4351 1340 4414 πράσει
1352 4351 1399 4400 καί
1411 4349 1551 4417 ἀγορασίᾳ.

314 4422 369 4477 οὔτε
386 4429 413 4477 ἑν
431 4431 496 4497 bom
514 4426 534 4498 ἦ
551 4431 578 4479 ἑν
605 4433 735 4496 ἀποκρίσει
760 4434 878 4501 ἀδελφοῦ,
897 4430 951 4485 οὔτε
973 4438 999 4486 ἐν
1022 4435 1158 4508 ὑπαλλαγγ
1183 4441 1319 4500 διακονίας,
1343 4433 1398 4488 οὔτε
1421 4439 1447 4488 ἐν
1472 4434 1553 4505 ἄλλῳ

313 4518 357 4566 τινί
374 4522 423 4566 τῶν
441 4525 600 4582 σωματικῶν,
620 4519 679 4570 ἀλλ’
699 4515 740 4572 οὖν
758 4517 814 4572 οὐδὲ
844 4525 939 4586 ἐντοῖς
962 4523 1078 4594 ψυχικοῖς
1104 4528 1255 4596 σφάλμασιν,
1287 4523 1345 4578 ἄνευ
1372 4525 1470 4596 βουλῆς
1498 4533 1553 4576 τῶν

313 4602 469 4672 τρωγόντων
486 4609 512 4658 ἐν
530 4605 617 4676 γνώσει
630 4612 674 4660 καί
692 4606 820 4678 εὐλαβείᾳ,
840 4610 892 4674 ἑνὸς
912 4610 931 4683 ἢ
949 4612 1002 4669 δύο,
1022 4612 1041 4684 ἢ
1060 4619 1105 4666 καί
1123 4623 1203 4680 τριῶν,
1223 4614 1243 4686 ἢ
1261 4619 1307 4667 καί
1325 4615 1455 4673 πλειόνων,
1477 4625 1554 4672 κατὰ

313 4691 360 4764 τὴν
379 4692 546 4766 ὑποκειμένην
565 4695 690 4748 ὑπόθεσιν·
709 4697 793 4764 ὥσπερ
811 4700 953 4752 ἐντέταλται
972 4700 1114 4768 Πατρικώς.
