3212 5264
613 330 801 428 ΛΞ.--

184 545 212 608 ἱ).
237 543 388 611 Officium
413 543 640 624 quotidianum
664 542 700 610 in
724 551 901 624 sequentes
925 545 1023 609 boras
1049 542 1222 610 dividitur.
1268 543 1317 609 Ao

92 651 238 732 primum
267 650 409 718 officium
440 651 508 716 diei
532 654 606 716 erat
630 648 646 714 ό
671 650 785 735 ὄρθρος
796 649 819 735 1')
843 651 863 717 i.
887 669 914 716 e.
937 650 1137 716 matutinum
1165 648 1317 732 officium,

94 757 179 838 quod
202 757 320 824 laudes
343 755 481 839 α’ίνοωςλ)
505 776 667 824 annexum
683 758 793 824 habet.
831 757 939 825 Semel
956 775 1081 838 quoque
1096 757 1158 822 boo
1174 756 1317 822 officium

92 865 293 930 matutinum
318 864 506 947 appellatur
529 862 646 950 ἑωθινὴ
671 864 838 946 δοίολογία.
850 863 877 948 ³)
916 863 988 946 Qua
1012 869 1124 930 autem
1146 863 1229 929 hora
1251 881 1317 929 mo-

92 972 191 1038 nachi
214 989 274 1054 per
298 991 419 1038 aunum
443 972 484 1036 ad
509 971 593 1037 illud
616 971 761 1037 officium
784 971 985 1038 matutinum
1010 971 1227 1054 surrexerint,
1251 989 1315 1037 nou

92 1078 199 1160 liquet
237 1096 278 1144 ex
312 1078 534 1163 Hypotyposi3
581 1078 668 1144 festo
702 1097 781 1145 vero
816 1078 1087 1144 Resurrectiouis
1135 1079 1319 1161 surgebant

92 1189 269 1251 transacta
303 1186 411 1252 noetis
447 1184 594 1252 secunda
623 1185 784 1268 custodia,
820 1203 878 1251 seu
914 1189 989 1268 post
1025 1186 1141 1250 horam
1177 1188 1316 1262 sextam,

93 1291 278 1373 incipiente
303 1289 495 1374 septima.³)

182 1435 265 1500 Post
292 1435 492 1501 matutinum
520 1433 663 1500 officium
691 1435 843 1500 monachi
871 1434 1039 1516 paululum
1062 1433 1319 1514 requiescebant

94 1559 198 1622 usque
223 1541 264 1606 ad
289 1541 478 1624 diluculum,
503 1559 564 1621 quo
593 1545 742 1623 tempore
771 1542 887 1606 boram
914 1541 1058 1622 primam
1089 1537 1319 1623 tantaequae)

93 1645 259 1713 Similiter
288 1665 413 1728 quoque
437 1647 694 1713 celebrabantur
721 1648 804 1713 hora
834 1652 930 1713 sexta
958 1652 993 1712 ot
1015 1665 1111 1714 noua.
1158 1648 1319 1727 Tempore

93 1759 207 1820 autem
234 1755 426 1836 vespertino
455 1755 558 1820 fiebat
585 1758 618 1818 τὸ
648 1756 793 1840 λωχνιιιὸν
823 1773 881 1820 seu
914 1753 1058 1820 officium
1082 1753 1319 1835 vespertinum.

92 1861 257 1927 Ultimum
281 1861 422 1942 denique
446 1861 589 1928 officium
605 1866 680 1927 erat
701 1865 735 1924 τὸ
750 1860 949 1945 ἀποδείπνιον,
974 1862 1058 1941 quod
1082 1864 1158 1943 post
1182 1879 1318 1926 coenam

94 1968 361 2052 persolvebatur,
386 1969 407 2032 i.
431 1987 459 2034 e.
484 1965 787 2051 completoriume)

182 2112 342 2176 Attamen
376 2110 620 2179 observandum
654 2115 708 2176 est
736 2129 801 2175 non
835 2129 948 2176 omues
983 2111 1083 2176 horas
1113 2110 1230 2190 quovis
1265 2108 1320 2175 die

92 2218 173 2283 anni
207 2218 355 2301 persolvi
391 2218 509 2284 solitas
545 2236 630 2283 esse.
682 2217 859 2297 Aliquibus
895 2218 984 2283 euim
1013 2217 1092 2282 amri
1120 2216 1249 2299 diebus,
1284 2220 1319 2281 ut

90 2328 189 2406 patet
212 2344 253 2390 ex
275 2325 497 2408 Hypotyposi,
522 2323 628 2390 officio
652 2324 817 2390 matutino
841 2329 875 2390 et
898 2325 981 2389 hora
1003 2324 1113 2406 prima
1136 2323 1318 2388 celebratis

90 2430 242 2512 reliquae
265 2432 376 2508 borae,
410 2437 447 2496 ut
471 2435 568 2497 sexta
592 2436 626 2496 et
649 2449 745 2514 noua,
774 2431 1029 2511 emittebantur3
1043 2428 1069 2514 6)
1102 2429 1261 2496 similiter
1285 2434 1319 2495 et

91 2538 313 2620 apodeipnion
328 2539 383 2607 vel
397 2538 648 2620 completorium
673 2537 871 2619 quibusdam
898 2538 1014 2603 diebus
1039 2557 1103 2603 nou
1127 2539 1318 2620 canebatur,

91 2645 152 2711 sed
176 2645 249 2712 eius
272 2646 343 2712 loeo
367 2647 549 2730 trisagium
571 2645 608 2711 'iu
631 2642 855 2728 refectorio.⁷)

183 2789 212 2853 3.
240 2789 362 2855 Partes
391 2789 542 2872 denique,
573 2789 753 2869 exquibus
783 2786 925 2854 officium
955 2787 1104 2856 diuinum
1133 2789 1319 2870 constabat,

92 2899 172 2960 suut
194 2895 270 2962 bae:
301 2896 433 2978 psalmi,
457 2895 630 2980 lectiones,
658 2894 802 2976 cantica,
832 2914 916 2977 quae
939 2896 1046 2965 variis
1070 2895 1259 2962 nominibus
1283 2895 1318 2961 iu

90 3003 304 3087 Hypotyposi
326 3008 565 3085 nuncupantur.

90 3284 204 3351 οόρανῶν
216 3286 344 3356 βασιλείαν
356 3285 532 3347 όποπιπώσεσι,
553 3291 598 3352 μία
616 3291 652 3349 τίς
670 3289 720 3338 ἐστι
738 3293 787 3338 τῶν
805 3293 893 3338 πασῶν
915 3291 961 3338 καί
978 3286 998 3358 ἡ
1016 3285 1082 3338 καθ’
1101 3285 1173 3357 ἡμᾶς
1190 3290 1319 3352 κρατοῦσα

90 3378 238 3442 παράδοσις,
258 3373 291 3446 ἣν
308 3375 501 3446 παρειλήφαμεν
519 3380 581 3442 πρός
603 3381 646 3427 τοῦ
670 3378 781 3447 μεγάλου
804 3374 904 3441 Πατρός
927 3375 1002 3447 ἡμῶν
1026 3380 1072 3427 καί
1094 3374 1253 3445 ὁμολογητοῦ
1276 3380 1319 3425 τοῦ

91 3462 230 3530 Θεοδώρου·
252 3469 298 3517 καί
320 3461 367 3535 οὐχ
389 3463 463 3535 ἡμεῖς
488 3464 564 3530 μόνοι,
588 3467 659 3516 ἀλλὰ
680 3465 714 3536 δὴ
737 3468 783 3516 καί
808 3461 831 3516 οἱ
853 3467 954 3528 πλείους
976 3471 1025 3516 τῶν
1047 3468 1168 3534 ἑγιιρίτων
1191 3471 1319 3530 μοναστων

89 3553 187 3623 ταύτην
203 3551 337 3620 αἱροῦνται,
357 3553 392 3616 ὡς
411 3557 513 3625 ἀρίστην
530 3571 558 3606 τε
575 3558 621 3606 καί
638 3553 849 3624 βασιλικωτάτην,
867 3558 913 3606 καί
921 3558 967 3618 τὰς
980 3553 1121 3622 ὑπερβολὰς
1139 3557 1185 3605 νιαί
1196 3553 1320 3622 ἐλλείψεις

91 3644 264 3695 ἑκκλίνουοαν.
301 3641 416 3714 (Migne,
436 3641 454 3696 l.
475 3658 506 3708 a,
527 3641 577 3695 col.
598 3641 686 3712 1704.)

184 3766 205 3836 1)
225 3765 326 3836 Migue.
346 3766 364 3822 l.
385 3783 416 3834 o,
436 3767 487 3822 col.
509 3767 584 3832 1705,
606 3767 682 3832 1708,
704 3769 780 3822 1709.

183 3881 205 3952 ²)
225 3882 364 3952 Hypotyp.
386 3885 418 3937 17
438 3881 555 3952 (Migue,
573 3881 592 3937 l.
613 3897 643 3948 o,
664 3882 715 3936 col.
737 3883 824 3952 1709).

182 3997 204 4067 ³)
224 3999 365 4068 Hypotyp.
384 4000 400 4052 2
420 3998 535 4068 (lligue,
554 3998 572 4055 l.
593 4015 624 4065 c,
645 3998 696 4052 col.
717 3998 806 4068 1704).

181 4107 206 4178 4)
225 4109 358 4178 Hypotyp
378 4110 412 4164 14
431 4108 547 4178 (Migne,
566 4107 585 4161 l.
604 4121 636 4173 α,
656 4106 707 4162 eol.
728 4106 817 4174 1710).

183 4223 206 4294 ⁵)
224 4225 330 4278 Harum
341 4223 462 4279 omnium
475 4224 603 4277 horarum
617 4222 748 4290 frequens
766 4222 870 4276 mentio
882 4221 913 4275 fit
926 4221 955 4275 iu
972 4218 1148 4290 Hypotyposi
1161 4217 1318 4275 Studitana.

183 4350 205 4417 ⁶)
226 4349 365 4419 Hypotyp.
389 4351 419 4403 9:
519 4347 636 4420 Ἀγομεν
659 4351 685 4402 δὲ
708 4353 753 4401 καί
775 4349 823 4420 τὴν
850 4347 978 4416 ἑβδομάδα
1001 4345 1095 4418 ταύτην
1118 4346 1156 4418 μὴ
1181 4345 1319 4415 ψάλλοντες

91 4439 161 4506 ὥρας
180 4439 289 4508 (nempe
308 4438 510 4493 hebdomedam
533 4438 734 4506 Pentecosten).
758 4429 822 4490 Εἶτα
845 4440 977 4507 ἐπέρχεται
1002 4440 1049 4489 καί
1071 4434 1172 4508 ἡὰγία
1193 4451 1318 4500 τεσσαρα-

91 4528 174 4600 κοστὴ
192 4535 241 4580 τῶν
259 4528 336 4600 ἁγίων
355 4529 509 4592 ἀποστόλων,
531 4532 577 4580 καί
595 4527 732 4599 ἀρχόμεθα
750 4527 856 4597 ψάλλειν
874 4531 919 4578 καί
937 4530 983 4589 τὰς
1002 4525 1070 4593 ὥρας
1083 4529 1146 4592 μετὰ
1157 4525 1319 4590 καόίοματος

91 4621 206 4669 πάντοτε.
244 4615 445 4686 (lligue,l.e.,
466 4615 626 4687 ool.1708.)
664 4616 704 4670 ef.
725 4631 834 4684 quoque
848 4614 972 4669 eiusdem
987 4612 1260 4683 Hypotypoeisuum.
1275 4614 1318 4670 33.

185 4733 206 4802 7)
227 4733 365 4802 Hypotyp.
385 4734 420 4786 70
440 4731 555 4802 (iligna,
574 4733 592 4788 l.
613 4748 644 4799 c,
665 4731 715 4787 col.
736 4732 826 4800 1712).
