3212 5264
595 403 603 408 .
651 311 807 409 ,¹9...„-

81 522 249 589 fratribus
290 522 479 605 eligendum
513 523 736 608 commendat,
771 530 885 592 tamen
919 523 1115 601 declarat¹):
1164 523 1313 609 „Deinde

82 647 180 710 quem
205 628 272 711 ipsi
288 629 451 696 communi
468 629 594 697 calculo
610 629 785 715 divinitae,
808 635 948 714 paterno
965 630 1104 698 consilio
1121 635 1312 714 praeeunte,

82 735 301 817 praeficiatis,
329 734 463 819 (inquo
488 737 576 804 enim
605 738 814 804 consenserit
842 735 1041 805 fraternitas
1069 736 1251 824 universa),
1279 743 1314 805 at

80 842 163 908 huic
186 861 248 926 ego
280 842 390 909 libens
422 843 602 926 volensque
637 843 809 928 suffragor.
863 845 988 912 Verum
1021 844 1111 924 ades,
1144 851 1242 928 pater
1273 864 1313 912 ac

81 949 201 1033 frater,
226 949 410 1031 quicunqne
433 951 565 1017 futurus
589 969 640 1017 es:
672 970 713 1018 en
735 951 813 1018 fidei
836 957 916 1018 tuae
939 951 1036 1018 trado
1059 951 1092 1018 in
1119 951 1224 1018 oculis
1248 951 1313 1018 Dei

82 1056 329 1138 electorumque
363 1058 557 1142 angelorum
588 1057 661 1125 eius
693 1062 799 1125 totam
827 1059 862 1125 in
890 1059 1023 1126 Christo
1053 1058 1313 1143 fraternitatem,

81 1169 121 1230 nt
145 1182 219 1230 earn
242 1162 440 1247 suscipias.“
489 1164 643 1232 Getarum
671 1166 851 1232 monachus
875 1167 917 1231 ab
942 1165 1011 1231 alia
1035 1165 1312 1232 confraternitate

83 1271 127 1336 ad
153 1271 399 1354 praefecturam
430 1273 557 1339 electus
591 1273 663 1339 sine
698 1292 859 1340 consensu
895 1273 1020 1356 proprii
1053 1273 1217 1354 praefecti
1251 1273 1312 1340 hoc

88 1398 208 1444 munus
233 1380 403 1463 suscipere
426 1399 489 1446 non
512 1384 653 1462 poterat.
699 1379 755 1446 Ita
778 1381 863 1446 enim
888 1380 1079 1446 Theodorus
1104 1379 1222 1446 scribit
1245 1378 1312 1446 fra·

82 1486 238 1552 territati
253 1486 480 1572 Pelecetes2lz
504 1487 652 1569 Eumque
673 1488 768 1555 vobis
791 1489 899 1555 visum
924 1487 970 1553 sit
991 1491 1160 1569 pastorem
1185 1485 1310 1570 eligere

84 1593 249 1660 dominum
274 1594 433 1678 Sergium,
463 1594 752 1677 raligIosissimum
775 1593 916 1660 fratrem
939 1599 1100 1671 nostrum,
1126 1593 1189 1659 nisi
1213 1593 1305 1659 dubi·

82 1701 221 1766 tationis
251 1700 373 1782 aliquid
397 1719 418 1766 a
441 1699 569 1767 domino
592 1700 738 1767 Macerio
764 1701 929 1784 spirituali
958 1701 1046 1784 patri
1069 1704 1184 1768 nostro
1207 1700 1309 1766 iuter-

84 1806 191 1890 cedat,
225 1808 377 1890 pergatis
401 1808 523 1873 abillo
552 1807 713 1891 dirigiat
747 1808 937 1891 gubernari,
973 1826 1069 1890 quem
1103 1806 1308 1890 spiritualem

82 1915 221 1980 Patrem
245 1915 407 1998 elegistis,
431 1914 474 1980 ad
496 1915 679 1980 salutarem
703 1916 926 1981 constantiam
941 1920 1092 1982 vestram
1108 1919 1143 1980 at
1160 1933 1309 1980 consum-

83 2021 262 2086 mationem
285 2022 378 2089 vitao
401 2022 471 2087 Deo
507 2020 676 2090 devotae.“
725 2022 773 2088 df.
803 2040 929 2104 quoque
958 2022 1055 2104 epist.
1082 2021 1143 2084 196
1173 2020 1249 2086 libri
1276 2017 1312 2086 11

84 2127 125 2192 ad
150 2127 406 2213 Euphrosynam
430 2129 651 2212 hegumenum
675 2126 879 2213 directam.³)

174 2253 325 2335 Denique
348 2253 529 2320 notandum
553 2259 606 2320 est
628 2255 849 2338 hegumenum
874 2253 1016 2320 electum
1041 2271 1104 2319 non
1122 2253 1193 2318 sine
1209 2251 1311 2318 intor-

83 2365 186 2428 ventu
217 2361 288 2426 eius
317 2361 471 2444 episcopi,
500 2361 534 2427 in
558 2362 651 2427 cuius
675 2362 810 2444 regione
839 2359 1076 2427 monasterium
1101 2361 1203 2424 situm
1226 2364 1310 2442 erat,

82 2469 117 2533 in
146 2467 278 2533 munus
298 2487 393 2534 suum
421 2468 585 2534 introduci
620 2469 753 2535 solitum
781 2486 867 2536 esse.
920 2467 976 2534 Sic
1004 2467 1091 2532 enirn
1119 2464 1311 2533 Theodorus

80 2574 290 2657 praefectum
314 2592 335 2640 a
365 2574 641 2642 confraternitate
673 2575 847 2641 Pelecetes
872 2573 1015 2640 electum
1039 2578 1150 2640 monet
1163 2571 1203 2657 a),
1231 2572 1313 2656 „Sta

80 2683 202 2765 igitur,
232 2682 502 2764 quemadmodum
536 2682 715 2750 decrevisti
743 2683 977 2762 decretumque
1006 2684 1060 2746 est
1087 2698 1108 2744 a
1133 2679 1311 2762 fratribus,

82 2789 191 2870 quoad
215 2788 409 2872 designetur
433 2794 570 2855 sanctus
587 2791 731 2856 antistes
747 2793 876 2864 nostem
901 2793 937 2854 et
952 2791 1032 2852 tuno
1048 2787 1197 2853 exactius
1219 2786 1311 2868 dent,

81 2913 169 2978 qnae
193 2896 286 2962 iuxta
308 2897 401 2980 legas
425 2902 460 2961 et
485 2915 627 2962 canones
651 2895 857 2978 praestanda
881 2891 988 2960 sunt.“

81 3090 85 3094 ⁵
174 3107 198 3175 ¹)
218 3104 357 3159 Theodori
376 3105 505 3160 Studitae
523 3110 736 3160 tastamentum:
855 3105 964 3176 Ἀφιημι
985 3103 1063 3155 τοίνυν
1085 3111 1183 3168 πρῶτον
1206 3105 1250 3168 μέν
1272 3107 1312 3155 τον

77 3197 168 3262 κύριον
186 3199 231 3247 καί
249 3195 345 3265 πατέρα
364 3213 411 3261 μου
429 3199 474 3248 καί
491 3195 589 3261 πατέρα
607 3195 676 3262 ὑμῶν
692 3201 735 3247 τόν
753 3194 886 3247 ὁσιώτατον
898 3192 1073 3266 Ἐηκλειστοη
1092 3196 1137 3244 καί
1149 3192 1254 3259 πατέρα,
1267 3197 1312 3244 καί

79 3292 214 3357 φωοτηρα,
233 3289 278 3336 καί
296 3287 455 3338 διδάσκαλον.
497 3283 580 3347 Αὐτός
602 3288 687 3351 κάμοῦ
709 3289 754 3336 καί
777 3284 846 3350 ὑμῶν
868 3283 1080 3354 προκαθέστηκεν
1102 3284 1129 3333 ἐν
1151 3279 1243 3351 Κυρίῳ,
1267 3286 1312 3333 καί

78 3376 239 3427 καθίσταται
256 3375 369 3446 κεφαλὴ,
391 3371 413 3426 εἰ
430 3378 476 3427 καί
494 3373 650 3446 ὑπεξήφαηεν
669 3375 762 3436 ἑαυτὸν,
782 3378 824 3426 διὰ
847 3371 1050 3444 Χριστομίμητον
1071 3374 1216 3422 ταπείνωσιν
1233 3371 1312 3422 τελῶν

79 3465 106 3516 ὲν
125 3463 230 3535 ἠσυχίᾳ·
253 3457 282 3515 οὗ
299 3470 354 3526 ταῖς
373 3463 487 3534 όδηηίαις
504 3481 531 3516 τε
549 3469 594 3516 καί
611 3469 762 3534 προσευχαῖς
779 3462 884 3516 πιστεύω
903 3462 968 3528 ὑμᾶς
985 3460 1162 3533 σωθήσεσθαι·
1180 3457 1248 3525 εἴπερ
1266 3461 1313 3512 καὶ

78 3554 129 3624 τὴν
153 3552 256 3605 δέουσαν
280 3557 342 3619 πρός
365 3550 439 3605 αὐτὸν
465 3557 643 3622 ἀντεισφέροιτε
663 3551 807 3605 εὐπείθειαν
824 3570 851 3604 τε
868 3555 914 3604 καί
937 3550 1063 3622 ὑπακοήν.
1098 3548 1210 3602 Ἔπειτα
1231 3546 1259 3600 ὃν
1280 3551 1312 3600 ἐκ

79 3647 168 3694 κοινοῦ
187 3641 273 3714 ψήφου
290 3643 447 3708 θεοπρεπῶς,
466 3642 658 3713 προηγουμένης
677 3650 725 3713 της
743 3649 871 3714 πατρικῆς
890 3642 995 3712 βουλῆς,
1018 3639 1198 3710 repastinante.
1224 3631 1312 3708 Ἐφῷ

80 3736 133 3802 γὰρ
151 3729 249 3782 εόδοκεῖ
266 3738 337 3783 πᾶσα
355 3730 374 3802 ὴ
393 3731 543 3802 ἀδελφότης.
563 3731 682 3797 έπόμενόν
699 3735 749 3783 ἐστι
767 3736 813 3783 καί
835 3735 863 3782 τό
881 3734 941 3796 ἐμὸν
963 3730 1079 3800 θέλημα.
1123 3727 1210 3780 Ἀλλὰ
1233 3731 1312 3793 δεῦρο,

80 3817 102 3871 ὧ
122 3823 203 3886 πάτερ
220 3825 266 3871 καί
283 3821 385 3890 ἀδελφέ,
404 3820 469 3884 ὅστις
487 3819 518 3872 ἂν
534 3818 599 3891 εἴης·
619 3820 670 3872 ἰδοὺ
689 3821 855 3891 παρατίθημί
870 3837 908 3871 σοι
926 3818 1030 3872 ἐνώπιον
1047 3823 1091 3870 τοῦ
1113 3815 1178 3869 Θεοῦ
1196 3820 1242 3869 καί
1263 3823 1313 3867 τῶν

80 3912 212 3961 ἐκλεκτῶν
230 3909 345 3980 ἀγγέλων
367 3907 443 3962 αὐτοῦ
466 3917 549 3962 πᾶσαν
567 3911 613 3982 τὴν
636 3913 662 3961 ἐν
680 3909 781 3980 Χριστῷ
804 3909 974 3981 ἀδελφότητα,
1003 3908 1073 3970 ὅπως
1099 3905 1180 3978 αὐτὴν
1206 3905 1311 3975 εἰσδέξη.

81 3998 201 4068 (iligna,
220 3998 238 4052 l.
258 4013 290 4062 ο,
310 3997 361 4051 ool.
382 4001 471 4068 1818.)

174 4086 198 4155 ²)
218 4086 295 4141 Libri
314 4087 342 4142 II
362 4088 444 4156 epist.
474 4090 537 4142 146:
646 4087 699 4140 Καί
726 4088 819 4152 καθὼς
841 4087 990 4160 ᾑρετίσασθε
1012 4085 1120 4138 ἑλέσθαι
1144 4084 1249 4149 ποιμένα
1271 4087 1313 4135 τὸν

80 4177 168 4243 κύριον
186 4175 287 4247 Σέργιον
309 4181 349 4229 τόν
371 4175 553 4246 εὐλαβέστατον
575 4180 683 4248 ἀδελφόν
705 4177 787 4249 ἡμῶν·
811 4173 880 4243 εἴπερ
904 4177 941 4248 μή
959 4180 1010 4228 ἐστι
1032 4193 1055 4226 π
1073 4177 1135 4239 πρὸς
1161 4177 1203 4224 τόν
1228 4172 1313 4238 κόριον

80 4265 218 4332 Μακάριόν
252 4271 294 4319 τὸν
324 4271 490 4333 πνευματικὸν
516 4267 591 4338 ἡμῶν
617 4265 721 4333 Πατέρα
744 4266 875 4327 ἐνδοιάζον·
903 4270 1046 4337 έπιμείνητε
1068 4261 1227 4328 adalpero
1266 4267 1312 4313 καί

81 4354 218 4425 ἀρχόμενα
230 4354 271 4407 ὑπ’
285 4353 369 4418 αὐτοῦ,
382 4349 411 4408 oi
422 4355 573 4418 ἐξελέξασθε
585 4361 752 4422 πνευματικοῦ
764 4359 866 4422 πατρὸς,
878 4352 915 4417 είς
926 4355 1080 4406 ἑπισόστασιν
1092 4351 1161 4418 ὑμῶν
1172 4351 1313 4402 θεόσωστον

81 4448 129 4495 καί
147 4441 183 4508 εἰς
201 4447 385 4512 ἀποπεραίωσιν
402 4444 456 4513 βίου
474 4447 622 4510 θεοκλινοῦς
642 4483 732 4497 .....
753 4443 837 4517 ivea:
849 4439 898 4505 οὖν,
909 4444 981 4496 aad&
992 4449 1117 4510 κέκρικας
1135 4443 1181 4492 καί
1199 4440 1312 4505 κέκριται

81 4533 131 4586 ὑπὸ
148 4540 199 4585 τῶν
225 4537 348 4605 ἀδελφῶν,
376 4534 424 4597 έως
450 4533 549 4606 ἡμέρας
575 4535 723 4595 ἀναδείξεως
751 4540 794 4586 τοῦ
821 4531 887 4601 ἱεροῦ
905 4533 979 4604 ἡμῶν
1008 4535 1154 4603 ἀρχιερέως·
1183 4532 1230 4580 καί
1256 4528 1313 4580 τότε

80 4622 214 4694 perbonus
231 4620 245 4674 ό
263 4627 300 4676 δεῖ
316 4624 435 4694 γενέσθαι
446 4623 612 4690 νομιμώτερόν
623 4641 650 4676 τε
662 4627 707 4676 καί
720 4622 922 4688 κανονικῶπρον.
944 4620 1059 4689 (iligna,
1074 4621 1091 4676 l.
1106 4634 1138 4683 c,
1159 4616 1210 4670 col.
1225 4618 1312 4683 1457.)

174 4711 195 4780 ³)
217 4710 257 4764 (if.
276 4727 341 4780 pag.
362 4713 395 4765 17
413 4717 469 4765 not.
490 4715 514 4766 4.

1149 4798 1184 4850 2*
